day,timestamp,product,bid_price_1,bid_volume_1,bid_price_2,bid_volume_2,bid_price_3,bid_volume_3,ask_price_1,ask_volume_1,ask_price_2,ask_volume_2,ask_price_3,ask_volume_3,mid_price,profit_and_loss
0,0,AMETHYSTS,9998,9,9995,23,,,10005,23,,,,,10001.5,0
0,0,STARFRUIT,5036,23,,,,,5043,23,,,,,5039.5,0
0,100,AMETHYSTS,10002,1,10000,2,9998,4,10004,1,10005,21,,,10003,0
0,100,STARFRUIT,5042,1,5039,2,5037,1,5043,22,,,,,5042.5,0
0,200,AMETHYSTS,9996,1,9995,21,,,10004,1,10005,21,,,10000,2
0,200,STARFRUIT,5037,1,5036,21,,,5043,1,5044,21,,,5040,0
0,300,STARFRUIT,5042,1,5037,26,,,5044,26,,,,,5043,0
0,300,AMETHYSTS,9995,26,,,,,10005,26,,,,,10000,4
0,400,AMETHYSTS,9998,8,9996,2,9995,26,10004,2,10005,26,,,10001,4
0,400,STARFRUIT,5037,28,,,,,5044,28,,,,,5040.5,0
0,500,AMETHYSTS,9998,8,9996,1,9995,23,10004,1,10005,23,,,10001,4
0,500,STARFRUIT,5037,24,,,,,5042,3,5044,24,,,5039.5,0
0,600,AMETHYSTS,9996,2,9995,28,,,10004,2,10005,28,,,10000,4
0,600,STARFRUIT,5041,5,5037,30,,,5044,30,,,,,5042.5,0
0,700,STARFRUIT,5036,22,,,,,5043,23,,,,,5039.5,0
0,700,AMETHYSTS,9996,1,9995,22,,,10004,1,10005,22,,,10000,4
0,800,AMETHYSTS,9996,1,9995,24,,,10000,3,10004,1,10005,24,9998,\
0,800,STARFRUIT,5036,25,,,,,5039,3,5043,25,,,5037.5,0
0,900,AMETHYSTS,9996,1,9995,20,,,9998,11,10004,1,10005,20,9997,6
0,900,STARFRUIT,5036,21,,,,,5043,21,,,,,5039.5,0
0,1000,AMETHYSTS,9996,1,9995,30,,,10004,1,10005,30,,,10000,28
0,1000,STARFRUIT,5037,1,5036,30,,,5043,31,,,,,5040,0
0,1100,STARFRUIT,5037,22,,,,,5043,1,5044,21,,,5040,0
0,1100,AMETHYSTS,9996,1,9995,21,,,10002,6,10004,1,10005,21,9999,28
0,1200,AMETHYSTS,9996,1,9995,22,,,10004,1,10005,22,,,10000,28
0,1200,STARFRUIT,5036,23,,,,,5037,1,5043,23,,,5036.5,0
0,1300,AMETHYSTS,10002,1,9995,25,,,10005,25,,,,,10003.5,28
0,1300,STARFRUIT,5036,25,,,,,5043,25,,,,,5039.5,0
0,1400,AMETHYSTS,9995,23,,,,,10000,6,10005,23,,,9997.5,30
0,1400,STARFRUIT,5036,23,,,,,5039,6,5043,23,,,5037.5,0
0,1500,STARFRUIT,5041,1,5036,21,,,5043,21,,,,,5042,0
0,1500,AMETHYSTS,9996,1,9995,20,,,9998,4,10004,1,10005,20,9997,30
0,1600,AMETHYSTS,9996,2,9995,28,,,10004,2,10005,28,,,10000,38
0,1600,STARFRUIT,5037,30,,,,,5043,2,5044,28,,,5040,0
0,1700,AMETHYSTS,9995,28,,,,,10005,28,,,,,10000,38
0,1700,STARFRUIT,5036,28,,,,,5041,8,5043,28,,,5038.5,0
0,1800,AMETHYSTS,10000,4,9995,23,,,10002,10,10005,23,,,10001,38
0,1800,STARFRUIT,5040,4,5036,23,,,5044,23,,,,,5042,0
0,1900,STARFRUIT,5036,31,,,,,5043,32,,,,,5039.5,0
0,1900,AMETHYSTS,9996,2,9995,30,,,10004,2,10005,30,,,10000,38
0,2000,AMETHYSTS,9996,2,9995,21,,,10004,2,10005,21,,,10000,38
0,2000,STARFRUIT,5036,23,,,,,5043,23,,,,,5039.5,0
0,2100,AMETHYSTS,9996,2,9995,26,,,10004,2,10005,26,,,10000,38
0,2100,STARFRUIT,5036,28,,,,,5041,5,5043,28,,,5038.5,0
0,2200,AMETHYSTS,9996,1,9995,20,,,9998,4,10004,1,10005,20,9997,38
0,2200,STARFRUIT,5037,4,5036,21,,,5043,21,,,,,5040,0
0,2300,STARFRUIT,5038,5,5037,24,,,5043,2,5044,22,,,5040.5,0
0,2300,AMETHYSTS,9996,2,9995,22,,,10004,2,10005,22,,,10000,46
0,2400,AMETHYSTS,9996,2,9995,20,,,10004,2,10005,20,,,10000,46
0,2400,STARFRUIT,5037,22,,,,,5043,2,5044,20,,,5040,0
0,2500,AMETHYSTS,9998,3,9996,2,9995,21,10004,2,10005,21,,,10001,46
0,2500,STARFRUIT,5036,23,,,,,5043,23,,,,,5039.5,0
0,2600,AMETHYSTS,10002,1,9996,1,9995,29,10004,1,10005,29,,,10003,46
0,2600,STARFRUIT,5035,30,,,,,5042,30,,,,,5038.5,0
0,2700,STARFRUIT,5036,7,5035,23,,,5041,2,5042,21,,,5038.5,0
0,2700,AMETHYSTS,9998,7,9996,2,9995,21,10004,2,10005,21,,,10001,48
0,2800,AMETHYSTS,9995,27,,,,,10005,27,,,,,10000,48
0,2800,STARFRUIT,5035,27,,,,,5042,27,,,,,5038.5,0
0,2900,AMETHYSTS,9996,2,9995,20,,,10004,2,10005,20,,,10000,48
0,2900,STARFRUIT,5035,22,,,,,5042,22,,,,,5038.5,0
0,3000,AMETHYSTS,9996,1,9995,29,,,10004,1,10005,29,,,10000,48
0,3000,STARFRUIT,5040,1,5035,6,5034,29,5041,30,,,,,5040.5,0
0,3100,STARFRUIT,5035,1,5034,27,,,5041,28,,,,,5038,-1.33203125
0,3100,AMETHYSTS,9998,5,9996,1,9995,27,10004,1,10005,27,,,10001,48
0,3200,STARFRUIT,5035,24,,,,,5038,5,5042,24,,,5036.5,1.9609375
0,3200,AMETHYSTS,10002,2,9995,24,,,10005,24,,,,,10003.5,48
0,3300,AMETHYSTS,10002,1,9996,1,9995,24,10004,1,10005,24,,,10003,52
0,3300,STARFRUIT,5034,25,,,,,5041,25,,,,,5037.5,-3.703125
0,3400,STARFRUIT,5034,29,,,,,5041,29,,,,,5037.5,-4.0078125
0,3400,AMETHYSTS,9998,10,9996,2,9995,27,10004,2,10005,27,,,10001,54
0,3500,STARFRUIT,5034,26,,,,,5041,26,,,,,5037.5,-3.515625
0,3500,AMETHYSTS,9995,26,,,,,10002,10,10005,26,,,9998.5,54
0,3600,STARFRUIT,5034,27,,,,,5041,27,,,,,5037.5,-5.1953125
0,3600,AMETHYSTS,9995,27,,,,,10002,8,10005,27,,,9998.5,54
0,3700,AMETHYSTS,9998,3,9995,25,,,10005,25,,,,,10001.5,54
0,3700,STARFRUIT,5034,25,,,,,5041,25,,,,,5037.5,-1.6015625
0,3800,STARFRUIT,5034,24,,,,,5039,7,5041,24,,,5036.5,-2.87109375
0,3800,AMETHYSTS,9995,24,,,,,10005,24,,,,,10000,54
0,3900,STARFRUIT,5035,1,5034,26,,,5040,2,5041,24,,,5037.5,-8.453125
0,3900,AMETHYSTS,9996,2,9995,24,,,10004,2,10005,24,,,10000,54
0,4000,STARFRUIT,5034,30,,,,,5041,31,,,,,5037.5,-5.9921875
0,4000,AMETHYSTS,10002,1,9996,1,9995,30,10004,1,10005,30,,,10003,54
0,4100,AMETHYSTS,10000,5,9996,2,9995,22,10002,4,10004,2,10005,22,10001,56
0,4100,STARFRUIT,5037,5,5035,2,5034,22,5041,24,,,,,5039,-0.28125
0,4200,STARFRUIT,5034,29,,,,,5039,7,5041,29,,,5036.5,-6.26953125
0,4200,AMETHYSTS,10002,5,9996,1,9995,28,10004,1,10005,28,,,10003,56
0,4300,STARFRUIT,5034,26,,,,,5036,2,5041,26,,,5035,-0.328125
0,4300,AMETHYSTS,9995,26,,,,,10002,8,10005,26,,,9998.5,66
0,4400,STARFRUIT,5035,28,,,,,5042,28,,,,,5038.5,-35.5
0,4400,AMETHYSTS,9995,28,,,,,10005,28,,,,,10000,66
0,4500,AMETHYSTS,9995,26,,,,,10005,26,,,,,10000,66
0,4500,STARFRUIT,5035,26,,,,,5040,8,5042,26,,,5037.5,-35.7421875
0,4600,STARFRUIT,5035,21,,,,,5040,3,5042,21,,,5037.5,-33.53125
0,4600,AMETHYSTS,9995,21,,,,,10005,21,,,,,10000,66
0,4700,STARFRUIT,5034,26,,,,,5041,26,,,,,5037.5,-17.8125
0,4700,AMETHYSTS,9998,5,9995,26,,,10005,26,,,,,10001.5,66
0,4800,STARFRUIT,5039,1,5035,7,5034,23,5041,23,,,,,5040,-18.6875
0,4800,AMETHYSTS,9996,1,9995,22,,,10004,1,10005,22,,,10000,66
0,4900,AMETHYSTS,9996,2,9995,22,,,10004,2,10005,22,,,10000,66
0,4900,STARFRUIT,5033,24,,,,,5038,6,5040,24,,,5035.5,-2.90625
0,5000,STARFRUIT,5033,6,5032,30,,,5039,31,,,,,5036,12.1484375
0,5000,AMETHYSTS,9998,9,9996,1,9995,30,10004,1,10005,30,,,10001,66
0,5100,STARFRUIT,5032,26,,,,,5039,26,,,,,5035.5,13.0625
0,5100,AMETHYSTS,9995,26,,,,,10005,26,,,,,10000,66
0,5200,STARFRUIT,5035,5,5033,8,5032,23,5039,25,,,,,5037,13.546875
0,5200,AMETHYSTS,10000,5,9998,7,9996,2,10004,2,10005,23,,,10002,66
0,5300,AMETHYSTS,9995,22,,,,,9998,12,10005,22,,,9996.5,66
0,5300,STARFRUIT,5032,22,,,,,5039,22,,,,,5035.5,21.671875
0,5400,STARFRUIT,5032,30,,,,,5039,30,,,,,5035.5,18.0234375
0,5400,AMETHYSTS,9995,30,,,,,10005,30,,,,,10000,90
0,5500,AMETHYSTS,9996,1,9995,28,,,10004,1,10005,28,,,10000,92
0,5500,STARFRUIT,5032,29,,,,,5033,8,5039,29,,,5032.5,19.875
0,5600,AMETHYSTS,9998,2,9996,2,9995,23,10004,2,10005,23,,,10001,96
0,5600,STARFRUIT,5032,25,,,,,5038,2,5039,23,,,5035,30.9140625
0,5700,AMETHYSTS,9996,1,9995,30,,,10004,1,10005,30,,,10000,96
0,5700,STARFRUIT,5032,3,5031,31,,,5038,31,,,,,5035,42.203125
0,5800,STARFRUIT,5031,30,,,,,5038,30,,,,,5034.5,39.046875
0,5800,AMETHYSTS,9996,2,9995,28,,,10004,2,10005,28,,,10000,96
0,5900,AMETHYSTS,9996,2,9995,21,,,10004,2,10005,21,,,10000,96
0,5900,STARFRUIT,5031,23,,,,,5038,23,,,,,5034.5,36.71875
0,6000,AMETHYSTS,9995,30,,,,,10002,10,10005,30,,,9998.5,96
0,6000,STARFRUIT,5031,30,,,,,5038,30,,,,,5034.5,38.7890625
0,6100,AMETHYSTS,9996,1,9995,24,,,10004,1,10005,24,,,10000,96
0,6100,STARFRUIT,5031,25,,,,,5037,1,5038,24,,,5034,50.359375
0,6200,STARFRUIT,5036,1,5031,30,,,5038,30,,,,,5037,47.0625
0,6200,AMETHYSTS,9998,3,9996,1,9995,29,10004,1,10005,29,,,10001,96
0,6300,AMETHYSTS,9995,22,,,,,10005,22,,,,,10000,96
0,6300,STARFRUIT,5030,22,,,,,5037,22,,,,,5033.5,59.4375
0,6400,AMETHYSTS,9996,1,9995,23,,,10002,6,10004,1,10005,23,9999,96
0,6400,STARFRUIT,5030,24,,,,,5036,1,5037,23,,,5033,69.0625
0,6500,AMETHYSTS,9995,22,,,,,10005,22,,,,,10000,96
0,6500,STARFRUIT,5029,22,,,,,5036,22,,,,,5032.5,72.546875
0,6600,STARFRUIT,5030,29,,,,,5031,7,5036,2,5037,27,5030.5,68.625
0,6600,AMETHYSTS,9996,2,9995,27,,,10004,2,10005,27,,,10000,96
0,6700,AMETHYSTS,9996,1,9995,30,,,10004,1,10005,30,,,10000,96
0,6700,STARFRUIT,5030,1,5029,30,,,5034,7,5036,31,,,5032,74.0390625
0,6800,AMETHYSTS,10000,5,9996,2,9995,29,10004,2,10005,29,,,10002,98
0,6800,STARFRUIT,5033,4,5030,31,,,5037,31,,,,,5035,65.703125
0,6900,AMETHYSTS,9996,2,9995,27,,,10004,2,10005,27,,,10000,98
0,6900,STARFRUIT,5030,29,,,,,5035,3,5037,29,,,5032.5,64.84375
0,7000,STARFRUIT,5030,8,5029,30,,,5036,31,,,,,5033,76.171875
0,7000,AMETHYSTS,9996,1,9995,30,,,10004,1,10005,30,,,10000,98
0,7100,AMETHYSTS,9996,1,9995,30,,,9998,5,10002,7,10004,1,9997,98
0,7100,STARFRUIT,5030,1,5029,30,,,5036,31,,,,,5033,75.90625
0,7200,AMETHYSTS,9996,1,9995,22,,,10002,1,10004,1,10005,22,9999,108
0,7200,STARFRUIT,5031,6,5030,23,,,5036,1,5037,22,,,5033.5,68.3671875
0,7300,AMETHYSTS,9996,1,9995,25,,,10004,1,10005,25,,,10000,108
0,7300,STARFRUIT,5030,26,,,,,5036,1,5037,25,,,5033,71.140625
0,7400,STARFRUIT,5030,22,,,,,5037,22,,,,,5033.5,68.1796875
0,7400,AMETHYSTS,10002,1,9995,22,,,10005,22,,,,,10003.5,108
0,7500,AMETHYSTS,9995,29,,,,,10005,29,,,,,10000,110
0,7500,STARFRUIT,5030,29,,,,,5035,3,5037,29,,,5032.5,55.359375
0,7600,AMETHYSTS,10002,1,9995,27,,,10005,27,,,,,10003.5,110
0,7600,STARFRUIT,5031,27,,,,,5038,27,,,,,5034.5,46.390625
0,7700,STARFRUIT,5030,26,,,,,5037,26,,,,,5033.5,57.609375
0,7700,AMETHYSTS,9996,1,9995,25,,,10002,5,10004,1,10005,25,9999,112
0,7800,AMETHYSTS,9995,23,,,,,10005,23,,,,,10000,112
0,7800,STARFRUIT,5031,1,5030,23,,,5037,23,,,,,5034,57.09375
0,7900,AMETHYSTS,9996,2,9995,22,,,10002,7,10004,2,10005,22,9999,112
0,7900,STARFRUIT,5030,24,,,,,5037,24,,,,,5033.5,63.0625
0,8000,AMETHYSTS,10000,3,9996,2,9995,28,10004,2,10005,28,,,10002,112
0,8000,STARFRUIT,5036,1,5033,3,5031,2,5037,30,,,,,5036.5,53.6875
0,8100,STARFRUIT,5030,25,,,,,5037,25,,,,,5033.5,53.5234375
0,8100,AMETHYSTS,9995,25,,,,,10005,25,,,,,10000,112
0,8200,AMETHYSTS,9996,2,9995,25,,,10004,2,10005,25,,,10000,112
0,8200,STARFRUIT,5030,27,,,,,5037,27,,,,,5033.5,57.375
0,8300,AMETHYSTS,9998,9,9995,28,,,10005,28,,,,,10001.5,114
0,8300,STARFRUIT,5030,28,,,,,5037,28,,,,,5033.5,56.4921875
0,8400,AMETHYSTS,9998,5,9995,29,,,10005,29,,,,,10001.5,114
0,8400,STARFRUIT,5031,29,,,,,5038,29,,,,,5034.5,50.09375
0,8500,STARFRUIT,5032,8,5031,27,,,5037,2,5038,25,,,5034.5,51.859375
0,8500,AMETHYSTS,9996,2,9995,25,,,10004,2,10005,25,,,10000,114
0,8600,AMETHYSTS,9996,2,9995,27,,,10004,2,10005,27,,,10000,114
0,8600,STARFRUIT,5031,29,,,,,5037,2,5038,27,,,5034,53.453125
0,8700,AMETHYSTS,9996,2,9995,22,,,10004,2,10005,22,,,10000,114
0,8700,STARFRUIT,5035,1,5031,8,5030,24,5037,24,,,,,5036,66.2265625
0,8800,AMETHYSTS,9996,1,9995,30,,,10004,1,10005,30,,,10000,114
0,8800,STARFRUIT,5030,31,,,,,5037,31,,,,,5033.5,63.6484375
0,8900,STARFRUIT,5031,2,5030,26,,,5037,26,,,,,5034,67.7578125
0,8900,AMETHYSTS,9995,26,,,,,10005,26,,,,,10000,114
0,9000,AMETHYSTS,9995,23,,,,,10005,23,,,,,10000,114
0,9000,STARFRUIT,5030,23,,,,,5037,23,,,,,5033.5,69.71875
0,9100,AMETHYSTS,9995,22,,,,,9998,1,10005,22,,,9996.5,114
0,9100,STARFRUIT,5030,5,5029,22,,,5036,22,,,,,5033,75.46875
0,9200,AMETHYSTS,9996,2,9995,25,,,10004,2,10005,25,,,10000,138
0,9200,STARFRUIT,5030,5,5029,25,,,5036,27,,,,,5033,73.6875
0,9300,STARFRUIT,5030,1,5029,29,,,5036,30,,,,,5033,74.5
0,9300,AMETHYSTS,10002,11,9998,1,9996,1,10004,1,10005,29,,,10003,138
0,9400,AMETHYSTS,10002,1,9996,2,9995,28,10004,2,10005,28,,,10003,160
0,9400,STARFRUIT,5031,3,5030,30,,,5036,2,5037,28,,,5033.5,68.6953125
0,9500,AMETHYSTS,10002,1,9996,2,9995,24,10004,2,10005,24,,,10003,162
0,9500,STARFRUIT,5030,2,5029,24,,,5036,26,,,,,5033,75.234375
0,9600,AMETHYSTS,9996,1,9995,20,,,10002,6,10004,1,10005,20,9999,164
0,9600,STARFRUIT,5029,21,,,,,5036,21,,,,,5032.5,79.28125
0,9700,STARFRUIT,5029,31,,,,,5032,5,5034,5,5036,31,5030.5,81.203125
0,9700,AMETHYSTS,9996,1,9995,30,,,10000,4,10004,1,10005,30,9998,164
0,9800,AMETHYSTS,9998,1,9996,2,9995,24,10004,2,10005,24,,,10001,164
0,9800,STARFRUIT,5029,26,,,,,5036,26,,,,,5032.5,81.6015625
0,9900,AMETHYSTS,9995,24,,,,,10005,24,,,,,10000,164
0,9900,STARFRUIT,5029,24,,,,,5036,24,,,,,5032.5,85.25
0,10000,AMETHYSTS,9995,27,,,,,10005,27,,,,,10000,164
0,10000,STARFRUIT,5029,27,,,,,5036,27,,,,,5032.5,85.140625
0,10100,STARFRUIT,5028,21,,,,,5033,5,5035,21,,,5030.5,97.078125
0,10100,AMETHYSTS,10002,4,9996,1,9995,20,10004,1,10005,20,,,10003,164
0,10200,AMETHYSTS,9995,20,,,,,10005,20,,,,,10000,172
0,10200,STARFRUIT,5028,20,,,,,5035,20,,,,,5031.5,96.609375
0,10300,AMETHYSTS,9996,1,9995,24,,,10004,1,10005,24,,,10000,172
0,10300,STARFRUIT,5030,5,5029,25,,,5035,1,5036,24,,,5032.5,90.75
0,10400,AMETHYSTS,9995,25,,,,,10005,25,,,,,10000,174
0,10400,STARFRUIT,5029,25,,,,,5036,25,,,,,5032.5,91.5078125
0,10500,STARFRUIT,5030,8,5029,26,,,5037,26,,,,,5033.5,74.1171875
0,10500,AMETHYSTS,9995,26,,,,,10005,26,,,,,10000,174
0,10600,AMETHYSTS,9995,20,,,,,10005,20,,,,,10000,174
0,10600,STARFRUIT,5034,3,5029,20,,,5036,20,,,,,5035,84.4375
0,10700,AMETHYSTS,9995,24,,,,,9998,3,10005,24,,,9996.5,174
0,10700,STARFRUIT,5030,7,5029,24,,,5036,24,,,,,5033,93.546875
0,10800,AMETHYSTS,9995,23,,,,,10002,1,10005,23,,,9998.5,180
0,10800,STARFRUIT,5030,6,5029,23,,,5036,23,,,,,5033,92.6015625
0,10900,STARFRUIT,5029,1,5028,22,,,5031,6,5035,23,,,5030,94.51171875
0,10900,AMETHYSTS,9996,1,9995,22,,,10000,6,10004,1,10005,22,9998,180
0,11000,AMETHYSTS,9996,1,9995,26,,,10004,1,10005,26,,,10000,180
0,11000,STARFRUIT,5028,27,,,,,5033,2,5035,27,,,5030.5,99.58984375
0,11100,AMETHYSTS,9996,1,9995,30,,,10002,1,10004,1,10005,30,9999,180
0,11100,STARFRUIT,5029,1,5028,31,,,5034,1,5035,30,,,5031.5,100.5625
0,11200,AMETHYSTS,9996,2,9995,28,,,10004,2,10005,28,,,10000,180
0,11200,STARFRUIT,5028,2,5027,28,,,5032,5,5034,30,,,5030,103.7226563
0,11300,STARFRUIT,5027,27,,,,,5034,27,,,,,5030.5,105.8398438
0,11300,AMETHYSTS,9996,2,9995,25,,,10002,2,10004,2,10005,25,9999,180
0,11400,AMETHYSTS,9995,30,,,,,10005,30,,,,,10000,180
0,11400,STARFRUIT,5027,30,,,,,5034,30,,,,,5030.5,107.640625
0,11500,AMETHYSTS,9996,1,9995,28,,,10004,1,10005,28,,,10000,180
0,11500,STARFRUIT,5027,29,,,,,5032,5,5034,29,,,5029.5,104.3398438
0,11600,AMETHYSTS,9996,2,9995,22,,,10004,2,10005,22,,,10000,180
0,11600,STARFRUIT,5027,24,,,,,5032,7,5034,24,,,5029.5,105.421875
0,11700,STARFRUIT,5029,4,5027,2,5026,20,5033,22,,,,,5031,111.46875
0,11700,AMETHYSTS,10000,4,9996,2,9995,20,10004,2,10005,20,,,10002,180
0,11800,AMETHYSTS,9998,10,9996,1,9995,21,10004,1,10005,21,,,10001,180
0,11800,STARFRUIT,5026,22,,,,,5033,22,,,,,5029.5,114.1601563
0,11900,AMETHYSTS,10002,1,10000,4,9998,1,10004,1,10005,22,,,10003,180
0,11900,STARFRUIT,5028,4,5026,1,5025,22,5032,23,,,,,5030,119.8710938
0,12000,STARFRUIT,5025,28,,,,,5032,28,,,,,5028.5,122.4882813
0,12000,AMETHYSTS,9996,1,9995,27,,,10004,1,10005,27,,,10000,182
0,12100,STARFRUIT,5026,2,5025,23,,,5032,25,,,,,5029,119.1015625
0,12100,AMETHYSTS,9996,2,9995,23,,,9998,8,10004,2,10005,23,9997,182
0,12200,STARFRUIT,5025,25,,,,,5032,25,,,,,5028.5,119.9921875
0,12200,AMETHYSTS,9996,2,9995,23,,,10004,2,10005,23,,,10000,198
0,12300,AMETHYSTS,9996,1,9995,24,,,10002,3,10004,1,10005,24,9999,198
0,12300,STARFRUIT,5026,5,5025,24,,,5032,25,,,,,5029,118.8867188
0,12400,STARFRUIT,5026,29,,,,,5033,29,,,,,5029.5,116.3867188
0,12400,AMETHYSTS,10002,1,9998,5,9995,29,10005,29,,,,,10003.5,198
0,12500,STARFRUIT,5029,3,5026,23,,,5033,23,,,,,5031,115.4375
0,12500,AMETHYSTS,10000,3,9996,1,9995,22,10004,1,10005,22,,,10002,200
0,12600,STARFRUIT,5029,4,5026,26,,,5033,26,,,,,5031,114.9804688
0,12600,AMETHYSTS,10000,4,9995,26,,,10005,26,,,,,10002.5,200
0,12700,AMETHYSTS,10002,1,9996,1,9995,27,10004,1,10005,27,,,10003,200
0,12700,STARFRUIT,5027,28,,,,,5034,28,,,,,5030.5,107.8984375
0,12800,STARFRUIT,5030,4,5027,30,,,5034,30,,,,,5032,106.2851563
0,12800,AMETHYSTS,10000,4,9996,2,9995,28,10002,9,10004,2,10005,28,10001,202
0,12900,STARFRUIT,5027,23,,,,,5032,2,5034,23,,,5029.5,106.5
0,12900,AMETHYSTS,9996,2,9995,21,,,10002,4,10004,2,10005,21,9999,202
0,13000,STARFRUIT,5027,32,,,,,5034,32,,,,,5030.5,105.1835938
0,13000,AMETHYSTS,9996,2,9995,30,,,10002,2,10004,2,10005,30,9999,202
0,13100,AMETHYSTS,9995,21,,,,,10000,2,10005,21,,,9997.5,202
0,13100,STARFRUIT,5028,21,,,,,5031,2,5035,21,,,5029.5,101.328125
0,13200,STARFRUIT,5033,1,5029,7,5028,31,5035,31,,,,,5034,83.921875
0,13200,AMETHYSTS,9998,9,9996,2,9995,29,10004,2,10005,29,,,10001,202
0,13300,STARFRUIT,5028,23,,,,,5035,23,,,,,5031.5,79.578125
0,13300,AMETHYSTS,10002,2,9996,1,9995,22,10004,1,10005,22,,,10003,202
0,13400,STARFRUIT,5028,26,,,,,5035,26,,,,,5031.5,79.53125
0,13400,AMETHYSTS,9995,26,,,,,10005,26,,,,,10000,206
0,13500,AMETHYSTS,9996,1,9995,24,,,10004,1,10005,24,,,10000,206
0,13500,STARFRUIT,5028,25,,,,,5035,25,,,,,5031.5,83.6328125
0,13600,STARFRUIT,5028,26,,,,,5033,3,5035,26,,,5030.5,78.4453125
0,13600,AMETHYSTS,9996,2,9995,24,,,10002,6,10004,2,10005,24,9999,206
0,13700,STARFRUIT,5028,28,,,,,5035,28,,,,,5031.5,73.75
0,13700,AMETHYSTS,10002,1,9995,28,,,10005,28,,,,,10003.5,206
0,13800,STARFRUIT,5028,23,,,,,5035,23,,,,,5031.5,71.28125
0,13800,AMETHYSTS,9998,1,9995,23,,,10005,23,,,,,10001.5,208
0,13900,AMETHYSTS,9996,1,9995,20,,,10004,1,10005,20,,,10000,208
0,13900,STARFRUIT,5029,21,,,,,5031,3,5036,21,,,5030,58.53125
0,14000,STARFRUIT,5030,3,5029,28,,,5036,29,,,,,5033,52.7265625
0,14000,AMETHYSTS,10002,6,9998,1,9996,1,10004,1,10005,28,,,10003,208
0,14100,STARFRUIT,5029,22,,,,,5036,22,,,,,5032.5,57.59375
0,14100,AMETHYSTS,9996,2,9995,20,,,10002,4,10004,2,10005,20,9999,220
0,14200,STARFRUIT,5029,21,,,,,5036,21,,,,,5032.5,83.95703125
0,14200,AMETHYSTS,9995,21,,,,,10005,21,,,,,10000,220
0,14300,AMETHYSTS,9996,1,9995,21,,,10004,1,10005,21,,,10000,220
0,14300,STARFRUIT,5029,1,5028,21,,,5035,22,,,,,5032,86.2890625
0,14400,STARFRUIT,5029,22,,,,,5036,23,,,,,5032.5,84.28515625
0,14400,AMETHYSTS,10002,4,9996,2,9995,21,10004,2,10005,21,,,10003,220
0,14500,AMETHYSTS,9996,1,9995,28,,,10002,10,10004,1,10005,28,9999,232
0,14500,STARFRUIT,5029,29,,,,,5034,6,5036,29,,,5031.5,87.16796875
0,14600,AMETHYSTS,9996,1,9995,27,,,10004,1,10005,27,,,10000,232
0,14600,STARFRUIT,5029,1,5028,27,,,5030,3,5035,1,5036,27,5029.5,88.03027344
0,14700,AMETHYSTS,9996,1,9995,23,,,10004,1,10005,23,,,10000,232
0,14700,STARFRUIT,5029,24,,,,,5034,2,5035,1,5036,23,5031.5,87.89257813
0,14800,STARFRUIT,5029,1,5028,30,,,5033,3,5035,31,,,5031,88.31542969
0,14800,AMETHYSTS,9996,1,9995,30,,,9998,1,10004,1,10005,30,9997,232
0,14900,AMETHYSTS,9996,1,9995,25,,,10002,1,10004,1,10005,25,9999,234
0,14900,STARFRUIT,5032,4,5028,26,,,5035,26,,,,,5033.5,89.39453125
0,15000,AMETHYSTS,9996,2,9995,25,,,10004,2,10005,25,,,10000,234
0,15000,STARFRUIT,5029,6,5028,25,,,5035,27,,,,,5032,88.05761719
0,15100,AMETHYSTS,9996,1,9995,20,,,9998,1,10004,1,10005,20,9997,234
0,15100,STARFRUIT,5028,21,,,,,5035,21,,,,,5031.5,89.18359375
0,15200,STARFRUIT,5031,4,5029,4,5028,23,5035,23,,,,,5033,88.74609375
0,15200,AMETHYSTS,10000,4,9996,2,9995,21,10002,4,10004,2,10005,21,10001,236
0,15300,AMETHYSTS,9996,2,9995,22,,,10002,7,10004,2,10005,22,9999,236
0,15300,STARFRUIT,5028,2,5027,22,,,5033,6,5034,2,5035,22,5030.5,89.99511719
0,15400,AMETHYSTS,9995,30,,,,,10005,30,,,,,10000,236
0,15400,STARFRUIT,5027,30,,,,,5034,30,,,,,5030.5,90.4296875
0,15500,AMETHYSTS,9995,25,,,,,9998,11,10005,25,,,9996.5,236
0,15500,STARFRUIT,5028,25,,,,,5035,25,,,,,5031.5,89.94042969
0,15600,STARFRUIT,5028,23,,,,,5034,1,5035,22,,,5031,89.89257813
0,15600,AMETHYSTS,9996,1,9995,22,,,10004,1,10005,22,,,10000,258
0,15700,AMETHYSTS,9996,2,9995,28,,,10004,2,10005,28,,,10000,258
0,15700,STARFRUIT,5028,30,,,,,5033,1,5034,2,5035,28,5030.5,89.8203125
0,15800,AMETHYSTS,9998,6,9996,2,9995,26,10004,2,10005,26,,,10001,258
0,15800,STARFRUIT,5029,4,5028,28,,,5035,28,,,,,5032,88.546875
0,15900,AMETHYSTS,9996,1,9995,20,,,10002,8,10004,1,10005,20,9999,262
0,15900,STARFRUIT,5029,1,5028,20,,,5030,3,5035,21,,,5029.5,90.515625
0,16000,STARFRUIT,5029,22,,,,,5034,4,5036,22,,,5031.5,88.99414063
0,16000,AMETHYSTS,9996,2,9995,20,,,10004,2,10005,20,,,10000,262
0,16100,AMETHYSTS,9996,1,9995,26,,,10004,1,10005,26,,,10000,262
0,16100,STARFRUIT,5029,27,,,,,5031,2,5034,8,5036,27,5030,87.74804688
0,16200,AMETHYSTS,9995,27,,,,,10002,4,10005,27,,,9998.5,262
0,16200,STARFRUIT,5029,26,,,,,5036,27,,,,,5032.5,88.734375
0,16300,AMETHYSTS,9996,1,9995,21,,,10004,1,10005,21,,,10000,262
0,16300,STARFRUIT,5029,22,,,,,5036,22,,,,,5032.5,84.703125
0,16400,AMETHYSTS,9996,2,9995,25,,,10002,6,10004,2,10005,25,9999,266
0,16400,STARFRUIT,5028,27,,,,,5033,7,5035,27,,,5030.5,94.8359375
0,16500,AMETHYSTS,9995,22,,,,,10005,22,,,,,10000,266
0,16500,STARFRUIT,5028,22,,,,,5033,1,5035,22,,,5030.5,109.140625
0,16600,AMETHYSTS,9995,26,,,,,10005,26,,,,,10000,266
0,16600,STARFRUIT,5029,7,5028,26,,,5035,26,,,,,5032,108.859375
0,16700,STARFRUIT,5028,25,,,,,5035,25,,,,,5031.5,104.1875
0,16700,AMETHYSTS,10002,1,9998,2,9995,25,10005,25,,,,,10003.5,266
0,16800,AMETHYSTS,10000,2,9996,2,9995,25,10004,2,10005,25,,,10002,268
0,16800,STARFRUIT,5031,2,5028,27,,,5035,27,,,,,5033,102.3359375
0,16900,AMETHYSTS,9996,2,9995,22,,,10004,2,10005,22,,,10000,268
0,16900,STARFRUIT,5028,24,,,,,5035,24,,,,,5031.5,103.59375
0,17000,AMETHYSTS,9996,1,9995,25,,,10004,1,10005,25,,,10000,268
0,17000,STARFRUIT,5029,1,5028,26,,,5034,1,5035,25,,,5031.5,108.8203125
0,17100,STARFRUIT,5028,1,5027,26,,,5034,27,,,,,5031,112.4921875
0,17100,AMETHYSTS,9996,1,9995,26,,,10004,1,10005,26,,,10000,268
0,17200,AMETHYSTS,9996,1,9995,27,,,10004,1,10005,27,,,10000,268
0,17200,STARFRUIT,5028,5,5027,28,,,5034,28,,,,,5031,124.671875
0,17300,AMETHYSTS,9996,1,9995,27,,,10004,1,10005,27,,,10000,268
0,17300,STARFRUIT,5026,28,,,,,5031,6,5032,1,5033,27,5028.5,148.40625
0,17400,AMETHYSTS,9995,25,,,,,9998,11,10005,25,,,9996.5,268
0,17400,STARFRUIT,5030,3,5026,2,5025,25,5032,25,,,,,5031,152.171875
0,17500,STARFRUIT,5026,28,,,,,5033,28,,,,,5029.5,143.390625
0,17500,AMETHYSTS,9996,2,9995,26,,,10004,2,10005,26,,,10000,294
0,17600,AMETHYSTS,9996,1,9995,29,,,10004,1,10005,29,,,10000,294
0,17600,STARFRUIT,5027,3,5026,30,,,5032,1,5033,29,,,5029.5,149.140625
0,17700,AMETHYSTS,9998,2,9995,22,,,10005,22,,,,,10001.5,294
0,17700,STARFRUIT,5026,22,,,,,5033,22,,,,,5029.5,141.7890625
0,17800,AMETHYSTS,9996,2,9995,30,,,9998,3,10002,5,10004,2,9997,294
0,17800,STARFRUIT,5026,32,,,,,5031,5,5033,32,,,5028.5,136.15625
0,17900,STARFRUIT,5032,1,5029,2,5026,21,5033,21,,,,,5032.5,136.875
0,17900,AMETHYSTS,9995,21,,,,,9998,1,10002,3,10005,21,9996.5,300
0,18000,AMETHYSTS,9995,24,,,,,10005,24,,,,,10000,302
0,18000,STARFRUIT,5026,24,,,,,5033,24,,,,,5029.5,142.53125
0,18100,AMETHYSTS,9996,2,9995,28,,,10004,2,10005,28,,,10000,302
0,18100,STARFRUIT,5026,30,,,,,5033,30,,,,,5029.5,142.71875
0,18200,AMETHYSTS,9996,2,9995,23,,,10002,10,10004,2,10005,23,9999,302
0,18200,STARFRUIT,5027,25,,,,,5033,2,5034,23,,,5030,145.703125
0,18300,STARFRUIT,5027,20,,,,,5034,20,,,,,5030.5,145.46875
0,18300,AMETHYSTS,9995,20,,,,,10005,20,,,,,10000,304
0,18400,AMETHYSTS,9996,1,9995,21,,,10004,1,10005,21,,,10000,304
0,18400,STARFRUIT,5032,1,5027,22,,,5033,1,5034,21,,,5032.5,146.734375
0,18500,AMETHYSTS,9996,2,9995,21,,,10004,2,10005,21,,,10000,304
0,18500,STARFRUIT,5027,23,,,,,5029,1,5034,23,,,5028,141.515625
0,18600,AMETHYSTS,9996,1,9995,21,,,10004,1,10005,21,,,10000,304
0,18600,STARFRUIT,5028,22,,,,,5029,9,5035,22,,,5028.5,132.546875
0,18700,STARFRUIT,5028,30,,,,,5035,30,,,,,5031.5,128.4335938
0,18700,AMETHYSTS,10002,1,9995,30,,,10005,30,,,,,10003.5,304
0,18800,AMETHYSTS,9995,24,,,,,10002,7,10005,24,,,9998.5,306
0,18800,STARFRUIT,5028,24,,,,,5035,24,,,,,5031.5,131.703125
0,18900,AMETHYSTS,10002,1,9995,25,,,10005,25,,,,,10003.5,306
0,18900,STARFRUIT,5030,7,5029,25,,,5036,25,,,,,5033,123.109375
0,19000,AMETHYSTS,9996,1,9995,30,,,10004,1,10005,30,,,10000,308
0,19000,STARFRUIT,5029,31,,,,,5036,31,,,,,5032.5,120.0390625
0,19100,STARFRUIT,5030,2,5029,21,,,5036,23,,,,,5033,115.7109375
0,19100,AMETHYSTS,9996,2,9995,21,,,10004,2,10005,21,,,10000,308
0,19200,AMETHYSTS,9995,26,,,,,10002,1,10005,26,,,9998.5,308
0,19200,STARFRUIT,5030,26,,,,,5037,26,,,,,5033.5,111.7929688
0,19300,AMETHYSTS,9996,2,9995,23,,,9998,6,10004,2,10005,23,9997,308
0,19300,STARFRUIT,5032,2,5031,23,,,5038,25,,,,,5035,95.0625
0,19400,AMETHYSTS,9996,2,9995,24,,,10002,5,10004,2,10005,24,9999,320
0,19400,STARFRUIT,5032,26,,,,,5038,2,5039,24,,,5035,91.7734375
0,19500,STARFRUIT,5031,23,,,,,5038,23,,,,,5034.5,94.62109375
0,19500,AMETHYSTS,9995,23,,,,,10005,23,,,,,10000,320
0,19600,AMETHYSTS,10002,1,9998,5,9996,1,10004,1,10005,26,,,10003,320
0,19600,STARFRUIT,5032,27,,,,,5038,1,5039,26,,,5035,93.38671875
0,19700,AMETHYSTS,9996,2,9995,29,,,10004,2,10005,29,,,10000,322
0,19700,STARFRUIT,5032,31,,,,,5039,31,,,,,5035.5,98.328125
0,19800,AMETHYSTS,9996,2,9995,26,,,10004,2,10005,26,,,10000,322
0,19800,STARFRUIT,5033,2,5032,26,,,5039,28,,,,,5036,96.55078125
0,19900,STARFRUIT,5033,1,5032,22,,,5039,23,,,,,5036,96.89453125
0,19900,AMETHYSTS,9996,1,9995,22,,,9998,1,10004,1,10005,22,9997,322
0,20000,AMETHYSTS,9995,26,,,,,9998,1,10005,26,,,9996.5,328
0,20000,STARFRUIT,5032,26,,,,,5037,4,5039,26,,,5034.5,98.09375
0,20100,AMETHYSTS,9996,1,9995,29,,,9998,4,10004,1,10005,29,9997,328
0,20100,STARFRUIT,5033,30,,,,,5038,4,5039,1,5040,29,5035.5,94.62890625
0,20200,AMETHYSTS,10002,1,9995,20,,,10005,20,,,,,10003.5,328
0,20200,STARFRUIT,5032,20,,,,,5039,20,,,,,5035.5,98.1640625
0,20300,STARFRUIT,5032,24,,,,,5039,24,,,,,5035.5,96.640625
0,20300,AMETHYSTS,10002,4,9995,24,,,10005,24,,,,,10003.5,330
0,20400,AMETHYSTS,10002,2,9996,1,9995,27,10004,1,10005,27,,,10003,338
0,20400,STARFRUIT,5032,28,,,,,5033,3,5039,28,,,5032.5,101.296875
0,20500,AMETHYSTS,9998,7,9996,1,9995,25,10004,1,10005,25,,,10001,342
0,20500,STARFRUIT,5032,26,,,,,5033,8,5039,26,,,5032.5,107.0019531
0,20600,AMETHYSTS,9996,1,9995,24,,,9998,4,10002,5,10004,1,9997,342
0,20600,STARFRUIT,5033,25,,,,,5040,25,,,,,5036.5,95.4296875
0,20700,STARFRUIT,5038,2,5034,3,5033,30,5041,30,,,,,5039.5,87.171875
0,20700,AMETHYSTS,9995,30,,,,,10005,30,,,,,10000,350
0,20800,AMETHYSTS,9996,2,9995,24,,,10004,2,10005,24,,,10000,350
0,20800,STARFRUIT,5034,26,,,,,5040,2,5041,24,,,5037,21.2265625
0,20900,AMETHYSTS,9996,2,9995,29,,,10004,2,10005,29,,,10000,350
0,20900,STARFRUIT,5034,31,,,,,5035,1,5041,31,,,5034.5,29.7890625
0,21000,STARFRUIT,5034,26,,,,,5041,26,,,,,5037.5,31.3046875
0,21000,AMETHYSTS,9996,1,9995,25,,,10004,1,10005,25,,,10000,350
0,21100,STARFRUIT,5034,28,,,,,5037,2,5041,28,,,5035.5,25.7578125
0,21100,AMETHYSTS,9995,28,,,,,10000,2,10005,28,,,9997.5,350
0,21200,STARFRUIT,5040,1,5034,29,,,5041,29,,,,,5040.5,33.6015625
0,21200,AMETHYSTS,9995,29,,,,,9998,1,10005,29,,,9996.5,350
0,21300,AMETHYSTS,9995,22,,,,,10005,22,,,,,10000,352
0,21300,STARFRUIT,5034,22,,,,,5040,2,5042,22,,,5037,39.40625
0,21400,STARFRUIT,5035,1,5034,29,,,5041,30,,,,,5038,37.0078125
0,21400,AMETHYSTS,9996,1,9995,29,,,10004,1,10005,29,,,10000,352
0,21500,STARFRUIT,5034,28,,,,,5035,5,5041,30,,,5034.5,37.234375
0,21500,AMETHYSTS,9996,2,9995,28,,,10004,2,10005,28,,,10000,352
0,21600,STARFRUIT,5035,22,,,,,5042,22,,,,,5038.5,44.703125
0,21600,AMETHYSTS,9998,5,9996,2,9995,20,10004,2,10005,20,,,10001,352
0,21700,AMETHYSTS,9996,2,9995,25,,,10004,2,10005,25,,,10000,352
0,21700,STARFRUIT,5035,6,5034,25,,,5041,2,5042,25,,,5038,38.875
0,21800,STARFRUIT,5035,26,,,,,5042,26,,,,,5038.5,51.796875
0,21800,AMETHYSTS,9996,1,9995,25,,,10004,1,10005,25,,,10000,352
0,21900,STARFRUIT,5035,27,,,,,5042,27,,,,,5038.5,50.984375
0,21900,AMETHYSTS,9995,27,,,,,10002,3,10005,27,,,9998.5,352
0,22000,STARFRUIT,5035,22,,,,,5042,22,,,,,5038.5,52.2421875
0,22000,AMETHYSTS,9996,2,9995,20,,,10004,2,10005,20,,,10000,352
0,22100,AMETHYSTS,9995,22,,,,,10005,22,,,,,10000,352
0,22100,STARFRUIT,5035,22,,,,,5040,4,5042,22,,,5037.5,46.96875
0,22200,STARFRUIT,5036,3,5035,23,,,5042,23,,,,,5039,56.8203125
0,22200,AMETHYSTS,10002,1,9995,23,,,10005,23,,,,,10003.5,352
0,22300,STARFRUIT,5036,30,,,,,5043,30,,,,,5039.5,65.9921875
0,22300,AMETHYSTS,9996,2,9995,28,,,10004,2,10005,28,,,10000,354
0,22400,STARFRUIT,5036,24,,,,,5043,24,,,,,5039.5,72.7421875
0,22400,AMETHYSTS,9996,1,9995,23,,,10002,2,10004,1,10005,23,9999,354
0,22500,AMETHYSTS,9998,2,9995,27,,,10005,27,,,,,10001.5,354
0,22500,STARFRUIT,5041,1,5036,27,,,5043,27,,,,,5042,61.65625
0,22600,STARFRUIT,5042,1,5041,4,5037,4,5043,26,,,,,5042.5,72.0625
0,22600,AMETHYSTS,9998,5,9996,1,9995,25,10004,1,10005,25,,,10001,354
0,22700,STARFRUIT,5036,26,,,,,5042,1,5043,25,,,5039,61.09375
0,22700,AMETHYSTS,9996,1,9995,25,,,10002,9,10004,1,10005,25,9999,354
0,22800,STARFRUIT,5036,27,,,,,5043,27,,,,,5039.5,65.1796875
0,22800,AMETHYSTS,10002,1,9996,1,9995,26,10004,1,10005,26,,,10003,354
0,22900,AMETHYSTS,10002,2,9996,1,9995,22,10004,1,10005,22,,,10003,360
0,22900,STARFRUIT,5036,23,,,,,5037,1,5041,4,5043,23,5036.5,71.7734375
0,23000,STARFRUIT,5042,1,5037,1,5036,20,5043,21,,,,,5042.5,74.6875
0,23000,AMETHYSTS,9996,1,9995,20,,,10002,2,10004,1,10005,20,9999,364
0,23100,STARFRUIT,5038,7,5037,28,,,5043,2,5044,26,,,5040.5,83.2109375
0,23100,AMETHYSTS,9996,2,9995,26,,,10004,2,10005,26,,,10000,364
0,23200,AMETHYSTS,9996,1,9995,24,,,10002,4,10004,1,10005,24,9999,364
0,23200,STARFRUIT,5037,2,5036,24,,,5043,25,,,,,5040,76.8984375
0,23300,AMETHYSTS,9996,2,9995,21,,,10004,2,10005,21,,,10000,364
0,23300,STARFRUIT,5037,2,5036,21,,,5043,2,5044,21,,,5040,78.5703125
0,23400,STARFRUIT,5037,1,5036,29,,,5043,1,5044,29,,,5040,78.9140625
0,23400,AMETHYSTS,9996,1,9995,29,,,10004,1,10005,29,,,10000,364
0,23500,AMETHYSTS,9996,1,9995,30,,,10004,1,10005,30,,,10000,364
0,23500,STARFRUIT,5038,3,5037,31,,,5044,31,,,,,5041,85.609375
0,23600,AMETHYSTS,9996,2,9995,25,,,10004,2,10005,25,,,10000,364
0,23600,STARFRUIT,5037,1,5036,25,,,5043,27,,,,,5040,77.96875
0,23700,AMETHYSTS,9996,1,9995,20,,,10004,1,10005,20,,,10000,364
0,23700,STARFRUIT,5042,1,5037,21,,,5043,1,5044,20,,,5042.5,79.671875
0,23800,STARFRUIT,5037,22,,,,,5044,22,,,,,5040.5,80.015625
0,23800,AMETHYSTS,9995,22,,,,,10005,22,,,,,10000,364
0,23900,AMETHYSTS,9995,27,,,,,10005,27,,,,,10000,364
0,23900,STARFRUIT,5037,27,,,,,5044,27,,,,,5040.5,80.25
0,24000,AMETHYSTS,9995,29,,,,,10005,29,,,,,10000,364
0,24000,STARFRUIT,5038,6,5037,29,,,5044,29,,,,,5041,94.0390625
0,24100,AMETHYSTS,9996,2,9995,20,,,10004,2,10005,20,,,10000,364
0,24100,STARFRUIT,5037,22,,,,,5044,22,,,,,5040.5,92.6015625
0,24200,STARFRUIT,5038,24,,,,,5043,8,5044,1,5045,23,5040.5,101.859375
0,24200,AMETHYSTS,9996,1,9995,23,,,10002,7,10004,1,10005,23,9999,364
0,24300,AMETHYSTS,10002,1,9995,27,,,10005,27,,,,,10003.5,364
0,24300,STARFRUIT,5038,26,,,,,5043,5,5045,27,,,5040.5,100.5546875
0,24400,AMETHYSTS,9996,1,9995,28,,,10004,1,10005,28,,,10000,366
0,24400,STARFRUIT,5038,9,5037,28,,,5044,29,,,,,5041,95.59375
0,24500,AMETHYSTS,9996,2,9995,24,,,10002,10,10004,2,10005,24,9999,366
0,24500,STARFRUIT,5037,26,,,,,5044,26,,,,,5040.5,86.3125
0,24600,STARFRUIT,5038,2,5037,22,,,5044,24,,,,,5041,95.3359375
0,24600,AMETHYSTS,9996,2,9995,22,,,10002,10,10004,2,10005,22,9999,366
0,24700,AMETHYSTS,9996,2,9995,20,,,10004,2,10005,20,,,10000,366
0,24700,STARFRUIT,5037,22,,,,,5044,22,,,,,5040.5,89.796875
0,24800,AMETHYSTS,9995,28,,,,,10005,28,,,,,10000,366
0,24800,STARFRUIT,5037,28,,,,,5044,28,,,,,5040.5,89.78125
0,24900,AMETHYSTS,9998,7,9995,24,,,10005,24,,,,,10001.5,366
0,24900,STARFRUIT,5037,24,,,,,5044,24,,,,,5040.5,85.796875
0,25000,STARFRUIT,5037,28,,,,,5043,1,5044,27,,,5040,81.609375
0,25000,AMETHYSTS,10002,1,9996,1,9995,27,10004,1,10005,27,,,10003,366
0,25100,AMETHYSTS,9998,8,9996,1,9995,26,10004,1,10005,26,,,10001,368
0,25100,STARFRUIT,5036,27,,,,,5043,27,,,,,5039.5,74.2734375
0,25200,AMETHYSTS,9996,2,9995,24,,,10000,4,10004,2,10005,24,9998,368
0,25200,STARFRUIT,5037,6,5036,26,,,5039,4,5043,26,,,5038,73.78125
0,25300,STARFRUIT,5036,22,,,,,5042,1,5043,21,,,5039,61.3046875
0,25300,AMETHYSTS,9998,9,9996,1,9995,21,10004,1,10005,21,,,10001,368
0,25400,AMETHYSTS,10002,3,9996,2,9995,27,10004,2,10005,27,,,10003,368
0,25400,STARFRUIT,5035,29,,,,,5042,29,,,,,5038.5,54.265625
0,25500,AMETHYSTS,9996,1,9995,23,,,10004,1,10005,23,,,10000,374
0,25500,STARFRUIT,5036,1,5035,23,,,5040,6,5042,24,,,5038,57
0,25600,AMETHYSTS,9995,24,,,,,10005,24,,,,,10000,374
0,25600,STARFRUIT,5035,24,,,,,5040,6,5042,24,,,5037.5,49.5078125
0,25700,STARFRUIT,5036,1,5035,24,,,5042,1,5043,24,,,5039,59.2734375
0,25700,AMETHYSTS,9996,1,9995,24,,,10004,1,10005,24,,,10000,374
0,25800,AMETHYSTS,10002,1,9996,2,9995,27,10004,2,10005,27,,,10003,374
0,25800,STARFRUIT,5037,29,,,,,5043,2,5044,27,,,5040,79.515625
0,25900,AMETHYSTS,9996,2,9995,27,,,10004,2,10005,27,,,10000,376
0,25900,STARFRUIT,5037,29,,,,,5044,29,,,,,5040.5,86.515625
0,26000,AMETHYSTS,9995,27,,,,,10005,27,,,,,10000,380
0,26000,STARFRUIT,5042,1,5037,27,,,5044,27,,,,,5043,86.6640625
0,26100,STARFRUIT,5042,1,5038,2,5037,25,5043,1,5044,24,,,5042.5,85.203125
0,26100,AMETHYSTS,10002,1,9998,3,9996,1,10004,1,10005,24,,,10003,380
0,26200,AMETHYSTS,10002,1,9996,2,9995,27,10004,2,10005,27,,,10003,382
0,26200,STARFRUIT,5037,29,,,,,5043,2,5044,27,,,5040,84.890625
0,26300,AMETHYSTS,9996,1,9995,25,,,10002,1,10004,1,10005,25,9999,384
0,26300,STARFRUIT,5037,26,,,,,5038,1,5044,26,,,5037.5,95.6796875
0,26400,AMETHYSTS,9995,27,,,,,10005,27,,,,,10000,384
0,26400,STARFRUIT,5037,27,,,,,5044,27,,,,,5040.5,100.265625
0,26500,STARFRUIT,5038,22,,,,,5044,1,5045,21,,,5041,104.8515625
0,26500,AMETHYSTS,9996,1,9995,21,,,10004,1,10005,21,,,10000,384
0,26600,AMETHYSTS,9996,2,9995,29,,,9998,4,10004,2,10005,29,9997,384
0,26600,STARFRUIT,5037,31,,,,,5044,31,,,,,5040.5,93.2421875
0,26700,AMETHYSTS,9995,26,,,,,10005,26,,,,,10000,392
0,26700,STARFRUIT,5042,1,5038,8,5037,26,5044,26,,,,,5043,91.078125
0,26800,AMETHYSTS,10002,1,9998,7,9995,20,10005,20,,,,,10003.5,392
0,26800,STARFRUIT,5037,20,,,,,5044,20,,,,,5040.5,92.890625
0,26900,STARFRUIT,5037,22,,,,,5044,22,,,,,5040.5,94.734375
0,26900,AMETHYSTS,9995,22,,,,,10005,22,,,,,10000,394
0,27000,AMETHYSTS,9998,2,9996,1,9995,26,10004,1,10005,26,,,10001,394
0,27000,STARFRUIT,5037,27,,,,,5042,6,5044,27,,,5039.5,87.796875
0,27100,AMETHYSTS,9996,2,9995,27,,,9998,1,10002,10,10004,2,9997,394
0,27100,STARFRUIT,5043,1,5037,29,,,5044,29,,,,,5043.5,94.0390625
0,27200,AMETHYSTS,9998,3,9996,2,9995,23,10004,2,10005,23,,,10001,396
0,27200,STARFRUIT,5042,1,5038,7,5037,25,5043,2,5044,23,,,5042.5,85.4140625
0,27300,STARFRUIT,5037,25,,,,,5038,1,5044,25,,,5037.5,99.4375
0,27300,AMETHYSTS,9995,25,,,,,10002,8,10005,25,,,9998.5,396
0,27400,AMETHYSTS,9996,1,9995,22,,,9998,3,10004,1,10005,22,9997,396
0,27400,STARFRUIT,5041,6,5039,1,5038,22,5045,23,,,,,5043,116.4765625
0,27500,AMETHYSTS,9995,30,,,,,10005,30,,,,,10000,402
0,27500,STARFRUIT,5038,30,,,,,5045,30,,,,,5041.5,113.015625
0,27600,AMETHYSTS,9996,2,9995,26,,,10002,4,10004,2,10005,26,9999,402
0,27600,STARFRUIT,5043,1,5039,6,5038,28,5045,28,,,,,5044,108.84375
0,27700,STARFRUIT,5038,32,,,,,5045,32,,,,,5041.5,110.6875
0,27700,AMETHYSTS,9996,2,9995,30,,,10004,2,10005,30,,,10000,402
0,27800,AMETHYSTS,9998,2,9996,2,9995,20,10004,2,10005,20,,,10001,402
0,27800,STARFRUIT,5039,5,5038,22,,,5044,2,5045,20,,,5041.5,101.96875
0,27900,AMETHYSTS,9995,29,,,,,10005,29,,,,,10000,402
0,27900,STARFRUIT,5038,29,,,,,5043,8,5045,29,,,5040.5,113.9375
0,28000,AMETHYSTS,9995,22,,,,,10005,22,,,,,10000,402
0,28000,STARFRUIT,5039,4,5038,22,,,5045,22,,,,,5042,110.1796875
0,28100,STARFRUIT,5039,21,,,,,5046,21,,,,,5042.5,128.546875
0,28100,AMETHYSTS,9996,1,9995,20,,,10004,1,10005,20,,,10000,402
0,28200,AMETHYSTS,9995,23,,,,,10005,23,,,,,10000,408
0,28200,STARFRUIT,5039,23,,,,,5046,23,,,,,5042.5,127.234375
0,28300,AMETHYSTS,9996,2,9995,28,,,10004,2,10005,28,,,10000,408
0,28300,STARFRUIT,5039,30,,,,,5045,2,5046,28,,,5042,123.78125
0,28400,AMETHYSTS,9995,20,,,,,10002,8,10005,20,,,9998.5,408
0,28400,STARFRUIT,5039,20,,,,,5046,20,,,,,5042.5,126.4375
0,28500,STARFRUIT,5039,5,5038,28,,,5045,30,,,,,5042,118.3515625
0,28500,AMETHYSTS,9996,2,9995,28,,,10004,2,10005,28,,,10000,408
0,28600,AMETHYSTS,9996,2,9995,26,,,10000,5,10002,5,10004,2,9998,408
0,28600,STARFRUIT,5039,27,,,,,5042,5,5045,2,5046,26,5040.5,123.2578125
0,28700,AMETHYSTS,9998,8,9996,2,9995,22,10004,2,10005,22,,,10001,408
0,28700,STARFRUIT,5039,23,,,,,5045,2,5046,22,,,5042,123.4375
0,28800,AMETHYSTS,9995,21,,,,,10002,8,10005,21,,,9998.5,408
0,28800,STARFRUIT,5038,21,,,,,5046,21,,,,,5042,120.703125
0,28900,STARFRUIT,5040,1,5039,23,,,5045,1,5046,22,,,5042.5,124.40625
0,28900,AMETHYSTS,9996,1,9995,22,,,10002,5,10004,1,10005,22,9999,408
0,29000,AMETHYSTS,10002,1,9996,2,9995,24,10004,2,10005,24,,,10003,408
0,29000,STARFRUIT,5039,26,,,,,5045,2,5046,24,,,5042,124.921875
0,29100,AMETHYSTS,9995,23,,,,,10002,2,10005,23,,,9998.5,410
0,29100,STARFRUIT,5039,23,,,,,5046,23,,,,,5042.5,123.90625
0,29200,AMETHYSTS,9996,1,9995,22,,,10004,1,10005,22,,,10000,410
0,29200,STARFRUIT,5040,1,5039,22,,,5046,23,,,,,5043,138.4609375
0,29300,STARFRUIT,5040,23,,,,,5046,1,5047,22,,,5043,144.1328125
0,29300,AMETHYSTS,9996,1,9995,22,,,10004,1,10005,22,,,10000,410
0,29400,AMETHYSTS,9996,2,9995,23,,,10002,4,10004,2,10005,23,9999,410
0,29400,STARFRUIT,5039,25,,,,,5046,25,,,,,5042.5,133.5625
0,29500,AMETHYSTS,9998,6,9995,20,,,10005,20,,,,,10001.5,410
0,29500,STARFRUIT,5039,20,,,,,5040,1,5046,20,,,5039.5,138.3125
0,29600,AMETHYSTS,9996,1,9995,26,,,10000,4,10004,1,10005,26,9998,410
0,29600,STARFRUIT,5040,1,5039,26,,,5042,4,5046,27,,,5041,104.7421875
0,29700,STARFRUIT,5040,23,,,,,5045,8,5046,1,5047,22,5042.5,100.4375
0,29700,AMETHYSTS,9996,1,9995,22,,,10002,7,10004,1,10005,22,9999,410
0,29800,STARFRUIT,5045,1,5040,4,5039,25,5047,25,,,,,5046,101.109375
0,29800,AMETHYSTS,9995,25,,,,,10005,25,,,,,10000,410
0,29900,AMETHYSTS,9996,2,9995,30,,,10004,2,10005,30,,,10000,420
0,29900,STARFRUIT,5040,32,,,,,5047,32,,,,,5043.5,89.15625
0,30000,STARFRUIT,5041,6,5040,23,,,5047,25,,,,,5044,84.625
0,30000,AMETHYSTS,9998,10,9996,2,9995,23,10004,2,10005,23,,,10001,420
0,30100,STARFRUIT,5041,1,5040,20,,,5047,21,,,,,5044,84.421875
0,30100,AMETHYSTS,9996,1,9995,20,,,10004,1,10005,20,,,10000,420
0,30200,STARFRUIT,5041,30,,,,,5048,30,,,,,5044.5,75.78125
0,30200,AMETHYSTS,9996,2,9995,28,,,9998,1,10002,8,10004,2,9997,420
0,30300,AMETHYSTS,10002,4,9996,2,9995,29,10004,2,10005,29,,,10003,422
0,30300,STARFRUIT,5041,31,,,,,5046,1,5047,2,5048,29,5043.5,79.40625
0,30400,STARFRUIT,5045,2,5040,30,,,5047,30,,,,,5046,90.4140625
0,30400,AMETHYSTS,9995,30,,,,,10005,30,,,,,10000,430
0,30500,STARFRUIT,5040,7,5039,28,,,5046,30,,,,,5043,102.796875
0,30500,AMETHYSTS,9996,2,9995,28,,,10004,2,10005,28,,,10000,430
0,30600,STARFRUIT,5040,32,,,,,5045,7,5046,2,5047,30,5042.5,99.4375
0,30600,AMETHYSTS,10002,1,9996,2,9995,30,10004,2,10005,30,,,10003,430
0,30700,AMETHYSTS,9996,2,9995,27,,,10004,2,10005,27,,,10000,440
0,30700,STARFRUIT,5039,29,,,,,5046,29,,,,,5042.5,107.1640625
0,30800,STARFRUIT,5039,2,5038,29,,,5045,31,,,,,5042,121.8984375
0,30800,AMETHYSTS,9998,8,9996,2,9995,29,10004,2,10005,29,,,10001,440
0,30900,STARFRUIT,5038,21,,,,,5043,7,5045,21,,,5040.5,123.1875
0,30900,AMETHYSTS,9995,21,,,,,10005,21,,,,,10000,440
0,31000,STARFRUIT,5043,1,5042,5,5038,28,5045,28,,,,,5044,134.1328125
0,31000,AMETHYSTS,9996,2,9995,26,,,10002,2,10004,2,10005,26,9999,440
0,31100,AMETHYSTS,10002,1,9995,23,,,10005,23,,,,,10003.5,440
0,31100,STARFRUIT,5038,23,,,,,5039,9,5045,23,,,5038.5,132.578125
0,31200,STARFRUIT,5037,21,,,,,5042,8,5044,22,,,5039.5,143.3046875
0,31200,AMETHYSTS,9996,1,9995,21,,,10002,6,10004,1,10005,21,9999,442
0,31300,STARFRUIT,5038,22,,,,,5044,2,5045,20,,,5041,139.1640625
0,31300,AMETHYSTS,9996,2,9995,20,,,10004,2,10005,20,,,10000,454
0,31400,STARFRUIT,5038,22,,,,,5045,22,,,,,5041.5,133.0703125
0,31400,AMETHYSTS,9995,22,,,,,10005,22,,,,,10000,454
0,31500,AMETHYSTS,9996,1,9995,21,,,10004,1,10005,21,,,10000,454
0,31500,STARFRUIT,5038,22,,,,,5045,22,,,,,5041.5,132.546875
0,31600,STARFRUIT,5039,24,,,,,5046,24,,,,,5042.5,115.515625
0,31600,AMETHYSTS,9995,24,,,,,9998,3,10005,24,,,9996.5,454
0,31700,STARFRUIT,5038,29,,,,,5045,29,,,,,5041.5,125.125
0,31700,AMETHYSTS,9995,29,,,,,10002,3,10005,29,,,9998.5,460
0,31800,STARFRUIT,5043,2,5038,24,,,5045,24,,,,,5044,130.3359375
0,31800,AMETHYSTS,9996,2,9995,22,,,10002,2,10004,2,10005,22,9999,466
0,31900,AMETHYSTS,9996,2,9995,26,,,10004,2,10005,26,,,10000,466
0,31900,STARFRUIT,5039,6,5038,28,,,5045,28,,,,,5042,128.6875
0,32000,STARFRUIT,5038,22,,,,,5045,22,,,,,5041.5,134.296875
0,32000,AMETHYSTS,9996,2,9995,20,,,10002,10,10004,2,10005,20,9999,466
0,32100,AMETHYSTS,9998,9,9995,25,,,10005,25,,,,,10001.5,466
0,32100,STARFRUIT,5037,25,,,,,5044,25,,,,,5040.5,145.421875
0,32200,AMETHYSTS,9996,1,9995,24,,,10002,5,10004,1,10005,24,9999,466
0,32200,STARFRUIT,5037,25,,,,,5044,25,,,,,5040.5,154.125
0,32300,AMETHYSTS,10000,3,9996,2,9995,30,10004,2,10005,30,,,10002,466
0,32300,STARFRUIT,5040,3,5038,2,5037,30,5044,32,,,,,5042,149.2265625
0,32400,STARFRUIT,5037,29,,,,,5044,29,,,,,5040.5,154.8046875
0,32400,AMETHYSTS,9998,2,9995,29,,,10005,29,,,,,10001.5,466
0,32500,AMETHYSTS,10002,1,9996,2,9995,24,10004,2,10005,24,,,10003,466
0,32500,STARFRUIT,5038,1,5037,26,,,5043,2,5044,24,,,5040.5,164.2421875
0,32600,AMETHYSTS,9998,1,9996,2,9995,26,10004,2,10005,26,,,10001,468
0,32600,STARFRUIT,5037,28,,,,,5044,28,,,,,5040.5,157.9453125
0,32700,AMETHYSTS,9996,2,9995,30,,,10004,2,10005,30,,,10000,468
0,32700,STARFRUIT,5038,32,,,,,5044,2,5045,30,,,5041,144.2734375
0,32800,STARFRUIT,5038,29,,,,,5045,29,,,,,5041.5,141.8359375
0,32800,AMETHYSTS,9995,29,,,,,10005,29,,,,,10000,468
0,32900,AMETHYSTS,9996,1,9995,20,,,10002,10,10004,1,10005,20,9999,468
0,32900,STARFRUIT,5038,1,5037,20,,,5044,21,,,,,5041,150.984375
0,33000,AMETHYSTS,9998,2,9995,28,,,10005,28,,,,,10001.5,468
0,33000,STARFRUIT,5037,28,,,,,5042,4,5044,28,,,5039.5,147.9765625
0,33100,AMETHYSTS,9996,1,9995,25,,,10004,1,10005,25,,,10000,468
0,33100,STARFRUIT,5037,26,,,,,5044,26,,,,,5040.5,152.1875
0,33200,STARFRUIT,5038,24,,,,,5043,5,5044,1,5045,23,5040.5,143.1015625
0,33200,AMETHYSTS,9996,1,9995,23,,,10004,1,10005,23,,,10000,468
0,33300,AMETHYSTS,9996,1,9995,30,,,10002,1,10004,1,10005,30,9999,468
0,33300,STARFRUIT,5038,31,,,,,5045,31,,,,,5041.5,139.140625
0,33400,AMETHYSTS,9995,20,,,,,10005,20,,,,,10000,468
0,33400,STARFRUIT,5037,20,,,,,5042,2,5044,20,,,5039.5,149.46875
0,33500,AMETHYSTS,9996,2,9995,21,,,10002,4,10004,2,10005,21,9999,468
0,33500,STARFRUIT,5038,2,5037,21,,,5044,23,,,,,5041,148.84375
0,33600,STARFRUIT,5037,27,,,,,5044,27,,,,,5040.5,164.15625
0,33600,AMETHYSTS,9995,27,,,,,9998,2,10005,27,,,9996.5,468
0,33700,AMETHYSTS,9996,1,9995,25,,,10004,1,10005,25,,,10000,472
0,33700,STARFRUIT,5037,1,5036,25,,,5041,6,5043,26,,,5039,171.0234375
0,33800,AMETHYSTS,9995,21,,,,,10002,4,10005,21,,,9998.5,472
0,33800,STARFRUIT,5036,21,,,,,5043,21,,,,,5039.5,180.6875
0,33900,AMETHYSTS,9996,1,9995,27,,,10004,1,10005,27,,,10000,472
0,33900,STARFRUIT,5035,28,,,,,5042,28,,,,,5038.5,192.2265625
0,34000,STARFRUIT,5041,1,5036,2,5035,28,5042,30,,,,,5041.5,188.890625
0,34000,AMETHYSTS,9996,2,9995,28,,,10004,2,10005,28,,,10000,496
0,34100,AMETHYSTS,9996,2,9995,25,,,10004,2,10005,25,,,10000,496
0,34100,STARFRUIT,5036,2,5035,25,,,5042,27,,,,,5039,190.984375
0,34200,AMETHYSTS,9996,2,9995,30,,,10002,2,10004,2,10005,30,9999,496
0,34200,STARFRUIT,5036,32,,,,,5043,32,,,,,5039.5,171.828125
0,34300,STARFRUIT,5036,28,,,,,5043,29,,,,,5039.5,178.046875
0,34300,AMETHYSTS,9996,1,9995,28,,,10004,1,10005,28,,,10000,496
0,34400,AMETHYSTS,9996,2,9995,28,,,10004,2,10005,28,,,10000,496
0,34400,STARFRUIT,5036,30,,,,,5043,30,,,,,5039.5,174.859375
0,34500,AMETHYSTS,9996,2,9995,22,,,10004,2,10005,22,,,10000,496
0,34500,STARFRUIT,5037,24,,,,,5044,24,,,,,5040.5,159.09375
0,34600,AMETHYSTS,9995,24,,,,,10005,24,,,,,10000,496
0,34600,STARFRUIT,5037,24,,,,,5044,24,,,,,5040.5,166.3359375
0,34700,STARFRUIT,5037,7,5036,25,,,5043,25,,,,,5040,174.3125
0,34700,AMETHYSTS,9996,2,9995,23,,,10004,2,10005,23,,,10000,496
0,34800,AMETHYSTS,9998,3,9996,2,9995,22,10004,2,10005,22,,,10001,496
0,34800,STARFRUIT,5036,22,,,,,5037,8,5043,24,,,5036.5,170.671875
0,34900,AMETHYSTS,9995,24,,,,,10005,24,,,,,10000,496
0,34900,STARFRUIT,5037,24,,,,,5044,24,,,,,5040.5,159.3125
0,35000,AMETHYSTS,9995,29,,,,,10005,29,,,,,10000,496
0,35000,STARFRUIT,5037,29,,,,,5044,29,,,,,5040.5,158.953125
0,35100,STARFRUIT,5037,23,,,,,5044,23,,,,,5040.5,161.4140625
0,35100,AMETHYSTS,9996,2,9995,21,,,10004,2,10005,21,,,10000,496
0,35200,AMETHYSTS,9995,24,,,,,10005,24,,,,,10000,496
0,35200,STARFRUIT,5037,24,,,,,5042,3,5044,24,,,5039.5,156.921875
0,35300,AMETHYSTS,9998,8,9996,1,9995,22,10004,1,10005,22,,,10001,496
0,35300,STARFRUIT,5038,8,5037,23,,,5044,23,,,,,5041,159.6484375
0,35400,AMETHYSTS,10002,1,9996,2,9995,25,10004,2,10005,25,,,10003,496
0,35400,STARFRUIT,5037,27,,,,,5044,27,,,,,5040.5,151.8515625
0,35500,STARFRUIT,5037,29,,,,,5044,29,,,,,5040.5,159.8828125
0,35500,AMETHYSTS,9996,2,9995,27,,,10004,2,10005,27,,,10000,502
0,35600,AMETHYSTS,9996,1,9995,23,,,10002,3,10004,1,10005,23,9999,502
0,35600,STARFRUIT,5038,1,5037,23,,,5044,24,,,,,5041,150.53125
0,35700,AMETHYSTS,9996,2,9995,29,,,10002,9,10004,2,10005,29,9999,502
0,35700,STARFRUIT,5037,31,,,,,5044,31,,,,,5040.5,151.8359375
0,35800,AMETHYSTS,9996,2,9995,21,,,10004,2,10005,21,,,10000,502
0,35800,STARFRUIT,5037,8,5036,21,,,5043,2,5044,21,,,5040,166.9921875
0,35900,STARFRUIT,5036,30,,,,,5043,30,,,,,5039.5,180.25
0,35900,AMETHYSTS,9996,2,9995,28,,,10004,2,10005,28,,,10000,502
0,36000,AMETHYSTS,9995,30,,,,,10000,2,10002,9,10005,30,9997.5,502
0,36000,STARFRUIT,5036,30,,,,,5039,2,5041,2,5043,30,5037.5,180.296875
0,36100,AMETHYSTS,9998,7,9996,2,9995,21,10004,2,10005,21,,,10001,502
0,36100,STARFRUIT,5036,23,,,,,5041,6,5043,23,,,5038.5,178.3125
0,36200,AMETHYSTS,9998,5,9996,1,9995,29,10004,1,10005,29,,,10001,502
0,36200,STARFRUIT,5036,1,5035,29,,,5042,30,,,,,5039,190.1953125
0,36300,STARFRUIT,5035,31,,,,,5042,31,,,,,5038.5,191.921875
0,36300,AMETHYSTS,9996,1,9995,30,,,10004,1,10005,30,,,10000,502
0,36400,AMETHYSTS,9996,1,9995,28,,,10002,8,10004,1,10005,28,9999,502
0,36400,STARFRUIT,5036,2,5035,28,,,5042,29,,,,,5039,189.828125
0,36500,AMETHYSTS,9996,2,9995,27,,,10004,2,10005,27,,,10000,502
0,36500,STARFRUIT,5035,28,,,,,5042,29,,,,,5038.5,196.8359375
0,36600,AMETHYSTS,9996,1,9995,30,,,10000,2,10004,1,10005,30,9998,502
0,36600,STARFRUIT,5035,31,,,,,5038,2,5042,31,,,5036.5,202.0390625
0,36700,STARFRUIT,5035,22,,,,,5042,22,,,,,5038.5,198.03125
0,36700,AMETHYSTS,10002,1,9996,1,9995,21,10004,1,10005,21,,,10003,502
0,36800,AMETHYSTS,9996,2,9995,23,,,10004,2,10005,23,,,10000,504
0,36800,STARFRUIT,5035,25,,,,,5042,25,,,,,5038.5,192.8671875
0,36900,AMETHYSTS,9998,6,9995,22,,,10005,22,,,,,10001.5,504
0,36900,STARFRUIT,5035,22,,,,,5042,22,,,,,5038.5,193.1796875
0,37000,AMETHYSTS,9996,2,9995,20,,,10004,2,10005,20,,,10000,504
0,37000,STARFRUIT,5036,2,5035,20,,,5042,22,,,,,5039,190.640625
0,37100,STARFRUIT,5039,5,5036,24,,,5043,24,,,,,5041,185.8359375
0,37100,AMETHYSTS,10000,5,9995,24,,,10005,24,,,,,10002.5,504
0,37200,AMETHYSTS,9996,2,9995,27,,,10004,2,10005,27,,,10000,504
0,37200,STARFRUIT,5037,2,5036,27,,,5043,29,,,,,5040,168.96875
0,37300,AMETHYSTS,9996,1,9995,22,,,10004,1,10005,22,,,10000,504
0,37300,STARFRUIT,5037,23,,,,,5042,4,5044,23,,,5039.5,156.1796875
0,37400,AMETHYSTS,9995,22,,,,,10005,22,,,,,10000,510
0,37400,STARFRUIT,5038,4,5037,22,,,5044,22,,,,,5041,149.65625
0,37500,STARFRUIT,5040,5,5037,31,,,5044,31,,,,,5042,151.7734375
0,37500,AMETHYSTS,10000,5,9996,1,9995,30,10004,1,10005,30,,,10002,510
0,37600,AMETHYSTS,9996,1,9995,24,,,10004,1,10005,24,,,10000,510
0,37600,STARFRUIT,5037,25,,,,,5042,5,5044,25,,,5039.5,157.03125
0,37700,AMETHYSTS,10002,1,9995,20,,,10005,20,,,,,10003.5,530
0,37700,STARFRUIT,5037,20,,,,,5044,20,,,,,5040.5,175.0546875
0,37800,AMETHYSTS,9996,2,9995,23,,,10004,2,10005,23,,,10000,532
0,37800,STARFRUIT,5037,25,,,,,5043,2,5044,23,,,5040,174.1328125
0,37900,STARFRUIT,5038,29,,,,,5044,2,5045,27,,,5041,165.7109375
0,37900,AMETHYSTS,9996,2,9995,27,,,10004,2,10005,27,,,10000,536
0,38000,AMETHYSTS,9998,3,9995,30,,,10005,30,,,,,10001.5,536
0,38000,STARFRUIT,5038,30,,,,,5045,30,,,,,5041.5,162.796875
0,38100,AMETHYSTS,9998,4,9996,1,9995,28,10004,1,10005,28,,,10001,536
0,38100,STARFRUIT,5038,29,,,,,5043,4,5045,29,,,5040.5,163.5625
0,38200,AMETHYSTS,9998,4,9996,2,9995,29,10004,2,10005,29,,,10001,536
0,38200,STARFRUIT,5039,2,5038,29,,,5045,31,,,,,5042,154.3828125
0,38300,STARFRUIT,5040,5,5039,22,,,5046,22,,,,,5043,148.2265625
0,38300,AMETHYSTS,9995,22,,,,,10005,22,,,,,10000,536
0,38400,AMETHYSTS,9996,2,9995,29,,,10004,2,10005,29,,,10000,536
0,38400,STARFRUIT,5039,31,,,,,5040,4,5046,31,,,5039.5,149.3125
0,38500,AMETHYSTS,9996,2,9995,22,,,10004,2,10005,22,,,10000,536
0,38500,STARFRUIT,5038,24,,,,,5045,24,,,,,5041.5,162.7890625
0,38600,STARFRUIT,5038,31,,,,,5044,2,5045,29,,,5041,169.71875
0,38600,AMETHYSTS,10002,1,9996,2,9995,29,10004,2,10005,29,,,10003,536
0,38700,STARFRUIT,5038,1,5037,20,,,5044,22,,,,,5041,177.609375
0,38700,AMETHYSTS,9996,2,9995,20,,,10004,2,10005,20,,,10000,538
0,38800,STARFRUIT,5038,27,,,,,5043,2,5044,2,5045,25,5040.5,169.7890625
0,38800,AMETHYSTS,9996,2,9995,25,,,10004,2,10005,25,,,10000,540
0,38900,AMETHYSTS,9996,2,9995,23,,,10004,2,10005,23,,,10000,540
0,38900,STARFRUIT,5038,25,,,,,5045,25,,,,,5041.5,165.3984375
0,39000,STARFRUIT,5039,1,5038,23,,,5041,3,5044,6,5045,1,5040,154.3125
0,39000,AMETHYSTS,9996,1,9995,23,,,10000,3,10004,1,10005,23,9998,540
0,39100,STARFRUIT,5039,8,5038,30,,,5045,30,,,,,5042,158.96875
0,39100,AMETHYSTS,9996,2,9995,28,,,9998,3,10004,2,10005,28,9997,540
0,39200,STARFRUIT,5039,5,5038,21,,,5041,4,5045,21,,,5040,155.9609375
0,39200,AMETHYSTS,9995,21,,,,,10000,4,10005,21,,,9997.5,546
0,39300,AMETHYSTS,9995,24,,,,,10005,24,,,,,10000,550
0,39300,STARFRUIT,5038,24,,,,,5045,24,,,,,5041.5,163.875
0,39400,STARFRUIT,5038,21,,,,,5045,21,,,,,5041.5,170.703125
0,39400,AMETHYSTS,9995,21,,,,,10005,21,,,,,10000,550
0,39500,STARFRUIT,5038,29,,,,,5043,3,5045,29,,,5040.5,166.5
0,39500,AMETHYSTS,9995,29,,,,,10005,29,,,,,10000,550
0,39600,STARFRUIT,5038,31,,,,,5045,31,,,,,5041.5,165.4140625
0,39600,AMETHYSTS,9996,1,9995,30,,,10004,1,10005,30,,,10000,550
0,39700,AMETHYSTS,9996,1,9995,29,,,10000,6,10004,1,10005,29,9998,550
0,39700,STARFRUIT,5038,29,,,,,5041,6,5045,30,,,5039.5,156.8984375
0,39800,STARFRUIT,5038,24,,,,,5044,2,5045,22,,,5041,169.96875
0,39800,AMETHYSTS,9996,2,9995,22,,,9998,1,10004,2,10005,22,9997,550
0,39900,STARFRUIT,5038,29,,,,,5043,7,5045,29,,,5040.5,167.15625
0,39900,AMETHYSTS,9998,10,9996,1,9995,28,10004,1,10005,28,,,10001,552
0,40000,STARFRUIT,5037,26,,,,,5044,26,,,,,5040.5,181.625
0,40000,AMETHYSTS,10002,11,9996,1,9995,25,10004,1,10005,25,,,10003,552
0,40100,AMETHYSTS,9995,30,,,,,10005,30,,,,,10000,564
0,40100,STARFRUIT,5037,30,,,,,5042,4,5044,30,,,5039.5,204.984375
0,40200,STARFRUIT,5037,25,,,,,5044,25,,,,,5040.5,206.0507813
0,40200,AMETHYSTS,9996,1,9995,24,,,10002,7,10004,1,10005,24,9999,564
0,40300,STARFRUIT,5037,1,5036,29,,,5043,30,,,,,5040,221.2539063
0,40300,AMETHYSTS,10002,4,9996,1,9995,29,10004,1,10005,29,,,10003,564
0,40400,STARFRUIT,5037,25,,,,,5043,2,5044,23,,,5040,217.6015625
0,40400,AMETHYSTS,9996,2,9995,23,,,10004,2,10005,23,,,10000,564
0,40500,AMETHYSTS,9996,1,9995,21,,,10004,1,10005,21,,,10000,564
0,40500,STARFRUIT,5037,22,,,,,5044,22,,,,,5040.5,215.96875
0,40600,STARFRUIT,5037,28,,,,,5045,28,,,,,5041,215.875
0,40600,AMETHYSTS,10002,1,9995,28,,,10005,28,,,,,10003.5,564
0,40700,STARFRUIT,5044,1,5039,6,5038,30,5045,30,,,,,5044.5,205.75
0,40700,AMETHYSTS,9998,10,9996,1,9995,29,10004,1,10005,29,,,10001,564
0,40800,STARFRUIT,5038,21,,,,,5045,21,,,,,5041.5,203.65625
0,40800,AMETHYSTS,9995,21,,,,,10005,21,,,,,10000,564
0,40900,AMETHYSTS,9998,2,9995,25,,,10005,25,,,,,10001.5,564
0,40900,STARFRUIT,5040,3,5039,25,,,5046,25,,,,,5043,190.609375
0,41000,STARFRUIT,5039,21,,,,,5042,2,5044,7,5045,1,5040.5,191.5390625
0,41000,AMETHYSTS,9998,10,9996,1,9995,20,10000,2,10004,1,10005,20,9999,564
0,41100,AMETHYSTS,9996,2,9995,23,,,10004,2,10005,23,,,10000,564
0,41100,STARFRUIT,5038,25,,,,,5045,25,,,,,5041.5,202.296875
0,41200,AMETHYSTS,9995,20,,,,,10005,20,,,,,10000,564
0,41200,STARFRUIT,5038,20,,,,,5046,20,,,,,5042,196.453125
0,41300,AMETHYSTS,9995,27,,,,,10005,27,,,,,10000,564
0,41300,STARFRUIT,5039,8,5038,27,,,5045,27,,,,,5042,201.9296875
0,41400,STARFRUIT,5039,30,,,,,5046,30,,,,,5042.5,188.140625
0,41400,AMETHYSTS,9996,1,9995,29,,,10004,1,10005,29,,,10000,564
0,41500,AMETHYSTS,9996,2,9995,29,,,10004,2,10005,29,,,10000,564
0,41500,STARFRUIT,5039,9,5038,29,,,5045,31,,,,,5042,197.2109375
0,41600,AMETHYSTS,9995,26,,,,,10005,26,,,,,10000,564
0,41600,STARFRUIT,5038,26,,,,,5045,26,,,,,5041.5,200.6484375
0,41700,AMETHYSTS,9995,23,,,,,10005,23,,,,,10000,564
0,41700,STARFRUIT,5042,2,5038,23,,,5045,23,,,,,5043.5,208.4140625
0,41800,STARFRUIT,5038,21,,,,,5044,1,5045,21,,,5041,212.96875
0,41800,AMETHYSTS,9996,1,9995,21,,,10004,1,10005,21,,,10000,564
0,41900,AMETHYSTS,9995,28,,,,,10002,8,10005,28,,,9998.5,564
0,41900,STARFRUIT,5038,28,,,,,5045,28,,,,,5041.5,207.7890625
0,42000,AMETHYSTS,9996,1,9995,27,,,9998,1,10004,1,10005,27,9997,564
0,42000,STARFRUIT,5038,1,5037,27,,,5044,28,,,,,5041,217.171875
0,42100,AMETHYSTS,10002,2,9995,22,,,10005,22,,,,,10003.5,566
0,42100,STARFRUIT,5039,7,5038,22,,,5045,22,,,,,5042,212.1875
0,42200,STARFRUIT,5038,22,,,,,5045,22,,,,,5041.5,198.1796875
0,42200,AMETHYSTS,9995,22,,,,,10005,22,,,,,10000,568
0,42300,AMETHYSTS,9996,2,9995,20,,,10004,2,10005,20,,,10000,568
0,42300,STARFRUIT,5039,22,,,,,5045,2,5046,20,,,5042,193.3046875
0,42400,AMETHYSTS,9996,2,9995,26,,,10002,2,10004,2,10005,26,9999,568
0,42400,STARFRUIT,5038,28,,,,,5045,28,,,,,5041.5,205.890625
0,42500,AMETHYSTS,9995,24,,,,,10005,24,,,,,10000,570
0,42500,STARFRUIT,5038,24,,,,,5043,2,5045,24,,,5040.5,208.53125
0,42600,STARFRUIT,5043,1,5038,28,,,5045,28,,,,,5044,212.984375
0,42600,AMETHYSTS,9995,28,,,,,10005,28,,,,,10000,570
0,42700,AMETHYSTS,9996,1,9995,23,,,10004,1,10005,23,,,10000,570
0,42700,STARFRUIT,5038,24,,,,,5044,1,5045,23,,,5041,213.28125
0,42800,AMETHYSTS,9995,29,,,,,10000,2,10005,29,,,9997.5,570
0,42800,STARFRUIT,5038,29,,,,,5041,2,5045,29,,,5039.5,212.390625
0,42900,AMETHYSTS,10002,5,9995,20,,,10005,20,,,,,10003.5,570
0,42900,STARFRUIT,5038,20,,,,,5045,20,,,,,5041.5,210.1875
0,43000,STARFRUIT,5038,27,,,,,5045,27,,,,,5041.5,210.7734375
0,43000,AMETHYSTS,9996,1,9995,26,,,10002,6,10004,1,10005,26,9999,572
0,43100,AMETHYSTS,9998,9,9996,1,9995,24,10004,1,10005,24,,,10001,572
0,43100,STARFRUIT,5038,25,,,,,5045,25,,,,,5041.5,205.859375
0,43200,AMETHYSTS,9996,2,9995,29,,,10002,5,10004,2,10005,29,9999,572
0,43200,STARFRUIT,5038,31,,,,,5045,31,,,,,5041.5,208.625
0,43300,STARFRUIT,5043,1,5037,20,,,5044,20,,,,,5043.5,223.3515625
0,43300,AMETHYSTS,9998,10,9995,20,,,10005,20,,,,,10001.5,578
0,43400,AMETHYSTS,9996,2,9995,22,,,10004,2,10005,22,,,10000,578
0,43400,STARFRUIT,5037,24,,,,,5043,2,5044,22,,,5040,231.828125
0,43500,AMETHYSTS,9996,1,9995,24,,,10002,7,10004,1,10005,24,9999,578
0,43500,STARFRUIT,5037,6,5036,25,,,5043,25,,,,,5040,242.4453125
0,43600,AMETHYSTS,9995,22,,,,,10002,5,10005,22,,,9998.5,578
0,43600,STARFRUIT,5036,22,,,,,5041,1,5043,22,,,5038.5,243.578125
0,43700,STARFRUIT,5037,1,5036,29,,,5043,30,,,,,5040,240.140625
0,43700,AMETHYSTS,9996,1,9995,29,,,10002,6,10004,1,10005,29,9999,578
0,43800,AMETHYSTS,9996,1,9995,22,,,10004,1,10005,22,,,10000,578
0,43800,STARFRUIT,5036,23,,,,,5043,23,,,,,5039.5,242.015625
0,43900,AMETHYSTS,9996,2,9995,24,,,10002,2,10004,2,10005,24,9999,578
0,43900,STARFRUIT,5037,6,5036,26,,,5043,26,,,,,5040,249.1953125
0,44000,AMETHYSTS,10002,4,9998,10,9996,2,10004,2,10005,25,,,10003,578
0,44000,STARFRUIT,5036,27,,,,,5043,27,,,,,5039.5,250.9140625
0,44100,STARFRUIT,5036,24,,,,,5041,4,5042,2,5043,22,5038.5,253.828125
0,44100,AMETHYSTS,9996,2,9995,22,,,10004,2,10005,22,,,10000,584
0,44200,AMETHYSTS,9995,24,,,,,10005,24,,,,,10000,584
0,44200,STARFRUIT,5036,24,,,,,5043,24,,,,,5039.5,245.7578125
0,44300,AMETHYSTS,9996,2,9995,24,,,9998,2,10004,2,10005,24,9997,584
0,44300,STARFRUIT,5036,26,,,,,5042,2,5043,24,,,5039,252.7734375
0,44400,AMETHYSTS,9996,1,9995,25,,,10002,7,10004,1,10005,25,9999,588
0,44400,STARFRUIT,5037,1,5036,26,,,5043,26,,,,,5040,250.71875
0,44500,STARFRUIT,5036,30,,,,,5043,30,,,,,5039.5,251.046875
0,44500,AMETHYSTS,9995,30,,,,,10005,30,,,,,10000,588
0,44600,AMETHYSTS,9996,1,9995,21,,,10004,1,10005,21,,,10000,588
0,44600,STARFRUIT,5037,22,,,,,5043,1,5044,21,,,5040,236.1875
0,44700,AMETHYSTS,9996,2,9995,25,,,10004,2,10005,25,,,10000,588
0,44700,STARFRUIT,5037,27,,,,,5042,6,5044,27,,,5039.5,229.40625
0,44800,AMETHYSTS,9995,25,,,,,10005,25,,,,,10000,588
0,44800,STARFRUIT,5037,25,,,,,5042,3,5044,25,,,5039.5,236.0546875
0,44900,STARFRUIT,5037,2,5036,21,,,5043,23,,,,,5040,238.421875
0,44900,AMETHYSTS,9996,2,9995,21,,,10004,2,10005,21,,,10000,588
0,45000,AMETHYSTS,9996,1,9995,27,,,10004,1,10005,27,,,10000,588
0,45000,STARFRUIT,5036,28,,,,,5037,1,5043,28,,,5036.5,245.3671875
0,45100,AMETHYSTS,9995,27,,,,,9998,1,10005,27,,,9996.5,588
0,45100,STARFRUIT,5036,27,,,,,5043,27,,,,,5039.5,240.359375
0,45200,AMETHYSTS,10002,1,9996,1,9995,20,10004,1,10005,20,,,10003,590
0,45200,STARFRUIT,5036,20,,,,,5043,1,5044,20,,,5039.5,237.3828125
0,45300,STARFRUIT,5037,22,,,,,5044,23,,,,,5040.5,228.5625
0,45300,AMETHYSTS,9995,23,,,,,10005,23,,,,,10000,592
0,45400,AMETHYSTS,9998,4,9995,25,,,10005,25,,,,,10001.5,592
0,45400,STARFRUIT,5037,25,,,,,5044,25,,,,,5040.5,224.4296875
0,45500,AMETHYSTS,9996,1,9995,20,,,9998,3,10004,1,10005,20,9997,592
0,45500,STARFRUIT,5036,21,,,,,5037,3,5043,21,,,5036.5,251.2578125
0,45600,AMETHYSTS,9996,1,9995,23,,,10004,1,10005,23,,,10000,598
0,45600,STARFRUIT,5037,1,5036,23,,,5041,6,5043,24,,,5039,241.5390625
0,45700,STARFRUIT,5037,2,5036,21,,,5043,23,,,,,5040,240.5
0,45700,AMETHYSTS,10002,1,9996,2,9995,21,10004,2,10005,21,,,10003,598
0,45800,AMETHYSTS,10000,5,9998,7,9996,2,10004,2,10005,30,,,10002,600
0,45800,STARFRUIT,5040,5,5037,32,,,5044,32,,,,,5042,228.640625
0,45900,AMETHYSTS,9998,8,9996,1,9995,25,10004,1,10005,25,,,10001,600
0,45900,STARFRUIT,5037,25,,,,,5044,26,,,,,5040.5,217.5
0,46000,AMETHYSTS,9995,23,,,,,9998,1,10005,23,,,9996.5,600
0,46000,STARFRUIT,5037,23,,,,,5044,23,,,,,5040.5,222.359375
0,46100,STARFRUIT,5039,4,5038,25,,,5045,25,,,,,5042,212.96875
0,46100,AMETHYSTS,9995,25,,,,,10005,25,,,,,10000,610
0,46200,AMETHYSTS,9995,24,,,,,10005,24,,,,,10000,610
0,46200,STARFRUIT,5039,4,5038,24,,,5045,24,,,,,5042,211.5234375
0,46300,AMETHYSTS,9996,2,9995,26,,,10004,2,10005,26,,,10000,610
0,46300,STARFRUIT,5039,2,5038,26,,,5045,28,,,,,5042,198.078125
0,46400,AMETHYSTS,9995,24,,,,,10005,24,,,,,10000,610
0,46400,STARFRUIT,5044,1,5038,24,,,5045,24,,,,,5044.5,203.078125
0,46500,STARFRUIT,5042,2,5038,30,,,5045,30,,,,,5043.5,210.25
0,46500,AMETHYSTS,9996,1,9995,29,,,9998,1,10004,1,10005,29,9997,610
0,46600,AMETHYSTS,9998,1,9995,28,,,10005,28,,,,,10001.5,612
0,46600,STARFRUIT,5044,1,5040,4,5039,28,5046,28,,,,,5045,118.8671875
0,46700,AMETHYSTS,9996,1,9995,29,,,10004,1,10005,29,,,10000,612
0,46700,STARFRUIT,5038,30,,,,,5045,30,,,,,5041.5,110.3984375
0,46800,AMETHYSTS,9995,25,,,,,10005,25,,,,,10000,612
0,46800,STARFRUIT,5038,25,,,,,5045,25,,,,,5041.5,113.515625
0,46900,STARFRUIT,5039,30,,,,,5040,10,5045,1,5046,29,5039.5,119.4140625
0,46900,AMETHYSTS,9996,1,9995,29,,,10002,3,10004,1,10005,29,9999,612
0,47000,AMETHYSTS,9996,1,9995,22,,,10004,1,10005,22,,,10000,612
0,47000,STARFRUIT,5039,23,,,,,5045,1,5046,22,,,5042,120.953125
0,47100,AMETHYSTS,9995,22,,,,,9998,1,10005,22,,,9996.5,612
0,47100,STARFRUIT,5039,22,,,,,5046,22,,,,,5042.5,126.1875
0,47200,AMETHYSTS,9996,2,9995,21,,,10004,2,10005,21,,,10000,614
0,47200,STARFRUIT,5044,1,5039,23,,,5046,23,,,,,5045,121.78125
0,47300,STARFRUIT,5040,5,5039,21,,,5046,21,,,,,5043,123.59375
0,47300,AMETHYSTS,9995,21,,,,,10005,21,,,,,10000,614
0,47400,AMETHYSTS,9998,7,9995,22,,,10005,22,,,,,10001.5,614
0,47400,STARFRUIT,5043,5,5038,22,,,5045,22,,,,,5044,101.9921875
0,47500,AMETHYSTS,9996,1,9995,21,,,9998,1,10004,1,10005,21,9997,614
0,47500,STARFRUIT,5037,22,,,,,5042,5,5044,22,,,5039.5,91.203125
0,47600,STARFRUIT,5037,21,,,,,5044,21,,,,,5040.5,89.15625
0,47600,AMETHYSTS,9998,5,9995,21,,,10005,21,,,,,10001.5,616
0,47700,STARFRUIT,5037,23,,,,,5042,4,5044,23,,,5039.5,89.5703125
0,47700,AMETHYSTS,9998,1,9995,23,,,10005,23,,,,,10001.5,616
0,47800,STARFRUIT,5038,20,,,,,5043,7,5045,20,,,5040.5,97.96875
0,47800,AMETHYSTS,9995,20,,,,,10005,20,,,,,10000,616
0,47900,AMETHYSTS,9995,23,,,,,10005,23,,,,,10000,616
0,47900,STARFRUIT,5037,23,,,,,5044,23,,,,,5040.5,78.34375
0,48000,STARFRUIT,5037,27,,,,,5044,27,,,,,5040.5,83.234375
0,48000,AMETHYSTS,10002,2,9996,1,9995,26,10004,1,10005,26,,,10003,616
0,48100,STARFRUIT,5037,30,,,,,5042,1,5044,30,,,5039.5,84.75
0,48100,AMETHYSTS,9996,1,9995,29,,,10004,1,10005,29,,,10000,620
0,48200,STARFRUIT,5038,2,5037,26,,,5044,27,,,,,5041,95.4765625
0,48200,AMETHYSTS,9996,1,9995,26,,,10004,1,10005,26,,,10000,620
0,48300,AMETHYSTS,9998,4,9996,1,9995,20,10004,1,10005,20,,,10001,620
0,48300,STARFRUIT,5037,21,,,,,5038,4,5044,21,,,5037.5,87.2265625
0,48400,STARFRUIT,5037,32,,,,,5042,6,5044,32,,,5039.5,89.3828125
0,48400,AMETHYSTS,9996,2,9995,30,,,10004,2,10005,30,,,10000,620
0,48500,STARFRUIT,5037,29,,,,,5044,29,,,,,5040.5,71.0625
0,48500,AMETHYSTS,9995,29,,,,,10005,29,,,,,10000,620
0,48600,STARFRUIT,5037,1,5036,26,,,5043,1,5044,26,,,5040,77.1484375
0,48600,AMETHYSTS,9996,1,9995,26,,,10004,1,10005,26,,,10000,620
0,48700,AMETHYSTS,9996,1,9995,22,,,10000,2,10004,1,10005,22,9998,620
0,48700,STARFRUIT,5036,23,,,,,5039,2,5043,23,,,5037.5,81.578125
0,48800,STARFRUIT,5036,29,,,,,5043,29,,,,,5039.5,83.3203125
0,48800,AMETHYSTS,9996,1,9995,28,,,10004,1,10005,28,,,10000,620
0,48900,STARFRUIT,5036,21,,,,,5043,22,,,,,5039.5,90.9921875
0,48900,AMETHYSTS,9995,22,,,,,10005,22,,,,,10000,620
0,49000,STARFRUIT,5035,29,,,,,5042,29,,,,,5038.5,106.328125
0,49000,AMETHYSTS,9996,1,9995,28,,,10004,1,10005,28,,,10000,620
0,49100,AMETHYSTS,9995,30,,,,,10005,30,,,,,10000,624
0,49100,STARFRUIT,5035,30,,,,,5042,30,,,,,5038.5,109.3359375
0,49200,STARFRUIT,5034,26,,,,,5041,26,,,,,5037.5,127.21875
0,49200,AMETHYSTS,10002,3,9996,1,9995,25,10004,1,10005,25,,,10003,624
0,49300,STARFRUIT,5035,6,5034,29,,,5041,29,,,,,5038,120.3203125
0,49300,AMETHYSTS,9998,3,9995,29,,,10005,29,,,,,10001.5,624
0,49400,STARFRUIT,5035,23,,,,,5042,23,,,,,5038.5,108.1328125
0,49400,AMETHYSTS,9996,1,9995,22,,,10004,1,10005,22,,,10000,624
0,49500,AMETHYSTS,9996,1,9995,24,,,10004,1,10005,24,,,10000,624
0,49500,STARFRUIT,5035,25,,,,,5041,1,5042,24,,,5038,115.7421875
0,49600,STARFRUIT,5036,2,5035,28,,,5038,3,5042,30,,,5037,100.59375
0,49600,AMETHYSTS,9996,2,9995,28,,,10000,3,10002,9,10004,2,9998,624
0,49700,STARFRUIT,5041,1,5036,6,5035,21,5042,21,,,,,5041.5,99.1875
0,49700,AMETHYSTS,9995,21,,,,,10005,21,,,,,10000,624
0,49800,AMETHYSTS,9995,20,,,,,10002,7,10005,20,,,9998.5,624
0,49800,STARFRUIT,5036,20,,,,,5037,1,5043,20,,,5036.5,84.6171875
0,49900,AMETHYSTS,9996,1,9995,23,,,10004,1,10005,23,,,10000,624
0,49900,STARFRUIT,5038,5,5037,24,,,5044,24,,,,,5041,68
0,50000,STARFRUIT,5037,26,,,,,5044,26,,,,,5040.5,64.671875
0,50000,AMETHYSTS,9996,2,9995,24,,,10002,5,10004,2,10005,24,9999,624
0,50100,AMETHYSTS,10002,4,9996,2,9995,22,10004,2,10005,22,,,10003,624
0,50100,STARFRUIT,5037,24,,,,,5043,2,5044,22,,,5040,72.640625
0,50200,AMETHYSTS,9996,1,9995,28,,,10004,1,10005,28,,,10000,624
0,50200,STARFRUIT,5036,29,,,,,5043,29,,,,,5039.5,84.8203125
0,50300,AMETHYSTS,9995,23,,,,,10005,23,,,,,10000,624
0,50300,STARFRUIT,5036,23,,,,,5041,4,5043,23,,,5038.5,78.6484375
0,50400,STARFRUIT,5037,2,5036,23,,,5038,3,5043,23,,,5037.5,82.2421875
0,50400,AMETHYSTS,9996,2,9995,21,,,10004,2,10005,21,,,10000,624
0,50500,AMETHYSTS,10000,4,9998,7,9996,1,10004,1,10005,27,,,10002,624
0,50500,STARFRUIT,5039,4,5036,28,,,5043,28,,,,,5041,86.265625
0,50600,AMETHYSTS,9998,7,9996,2,9995,22,10000,5,10004,2,10005,22,9999,624
0,50600,STARFRUIT,5036,24,,,,,5039,4,5043,24,,,5037.5,88.09375
0,50700,AMETHYSTS,9998,9,9995,20,,,10005,20,,,,,10001.5,624
0,50700,STARFRUIT,5036,20,,,,,5043,20,,,,,5039.5,89.328125
0,50800,STARFRUIT,5037,2,5036,26,,,5043,28,,,,,5040,81.0703125
0,50800,AMETHYSTS,9998,7,9996,2,9995,26,10004,2,10005,26,,,10001,624
0,50900,AMETHYSTS,9998,2,9995,30,,,10000,5,10005,30,,,9999,624
0,50900,STARFRUIT,5036,30,,,,,5037,1,5039,5,5043,30,5036.5,79.140625
0,51000,AMETHYSTS,9996,2,9995,23,,,10004,2,10005,23,,,10000,624
0,51000,STARFRUIT,5037,25,,,,,5043,2,5044,23,,,5040,76.15625
0,51100,AMETHYSTS,9995,29,,,,,10002,1,10005,29,,,9998.5,624
0,51100,STARFRUIT,5038,3,5037,29,,,5044,29,,,,,5041,62.5
0,51200,STARFRUIT,5037,30,,,,,5044,30,,,,,5040.5,63.203125
0,51200,AMETHYSTS,9995,30,,,,,10005,30,,,,,10000,624
0,51300,AMETHYSTS,9996,2,9995,23,,,9998,5,10002,5,10004,2,9997,624
0,51300,STARFRUIT,5038,2,5037,23,,,5044,25,,,,,5041,60.671875
0,51400,AMETHYSTS,9996,1,9995,22,,,10004,1,10005,22,,,10000,634
0,51400,STARFRUIT,5037,23,,,,,5042,5,5044,23,,,5039.5,68.1875
0,51500,AMETHYSTS,9995,21,,,,,10005,21,,,,,10000,634
0,51500,STARFRUIT,5037,21,,,,,5044,21,,,,,5040.5,62.984375
0,51600,STARFRUIT,5042,3,5038,2,5037,21,5044,23,,,,,5043,64.875
0,51600,AMETHYSTS,9996,2,9995,21,,,10002,5,10004,2,10005,21,9999,638
0,51700,AMETHYSTS,9996,2,9995,30,,,10004,2,10005,30,,,10000,638
0,51700,STARFRUIT,5038,2,5037,30,,,5044,32,,,,,5041,64.828125
0,51800,AMETHYSTS,9995,25,,,,,10005,25,,,,,10000,638
0,51800,STARFRUIT,5037,25,,,,,5044,25,,,,,5040.5,68.34375
0,51900,AMETHYSTS,9996,2,9995,26,,,10004,2,10005,26,,,10000,638
0,51900,STARFRUIT,5037,28,,,,,5044,28,,,,,5040.5,74.203125
0,52000,AMETHYSTS,9998,2,9995,21,,,10000,5,10005,21,,,9999,638
0,52000,STARFRUIT,5038,5,5037,21,,,5040,5,5044,21,,,5039,69.1640625
0,52100,AMETHYSTS,9996,1,9995,27,,,10004,1,10005,27,,,10000,638
0,52100,STARFRUIT,5038,1,5037,27,,,5044,28,,,,,5041,68.37890625
0,52200,AMETHYSTS,9995,23,,,,,10005,23,,,,,10000,638
0,52200,STARFRUIT,5037,22,,,,,5044,23,,,,,5040.5,72.6796875
0,52300,STARFRUIT,5037,30,,,,,5044,30,,,,,5040.5,69.3125
0,52300,AMETHYSTS,9995,30,,,,,10005,30,,,,,10000,638
0,52400,AMETHYSTS,10002,3,9996,1,9995,20,10004,1,10005,20,,,10003,638
0,52400,STARFRUIT,5038,1,5037,21,,,5040,4,5044,21,,,5039,69.71484375
0,52500,AMETHYSTS,9996,2,9995,25,,,10004,2,10005,25,,,10000,644
0,52500,STARFRUIT,5037,27,,,,,5043,2,5044,25,,,5040,77.6328125
0,52600,AMETHYSTS,9996,1,9995,30,,,10004,1,10005,30,,,10000,644
0,52600,STARFRUIT,5037,31,,,,,5043,1,5044,30,,,5040,78.6875
0,52700,STARFRUIT,5042,1,5037,25,,,5043,1,5044,24,,,5042.5,78.21875
0,52700,AMETHYSTS,9996,1,9995,24,,,10002,9,10004,1,10005,24,9999,652
0,52800,AMETHYSTS,9996,2,9995,26,,,10004,2,10005,26,,,10000,652
0,52800,STARFRUIT,5042,1,5037,28,,,5044,28,,,,,5043,76.89453125
0,52900,AMETHYSTS,9996,1,9995,26,,,10002,3,10004,1,10005,26,9999,652
0,52900,STARFRUIT,5036,27,,,,,5043,27,,,,,5039.5,39.578125
0,53000,AMETHYSTS,9996,1,9995,29,,,10004,1,10005,29,,,10000,652
0,53000,STARFRUIT,5036,1,5035,29,,,5042,30,,,,,5039,26.546875
0,53100,STARFRUIT,5036,2,5035,21,,,5042,2,5043,21,,,5039,29.953125
0,53100,AMETHYSTS,9996,2,9995,21,,,9998,5,10004,2,10005,21,9997,652
0,53200,AMETHYSTS,9995,23,,,,,10005,23,,,,,10000,662
0,53200,STARFRUIT,5041,1,5036,23,,,5043,23,,,,,5042,38.4375
0,53300,AMETHYSTS,9995,20,,,,,10005,20,,,,,10000,662
0,53300,STARFRUIT,5036,20,,,,,5043,20,,,,,5039.5,32.1796875
0,53400,AMETHYSTS,9996,2,9995,30,,,9998,1,10004,2,10005,30,9997,662
0,53400,STARFRUIT,5038,7,5037,32,,,5044,32,,,,,5041,56.4140625
0,53500,STARFRUIT,5037,25,,,,,5042,2,5044,25,,,5039.5,60.25
0,53500,AMETHYSTS,9995,25,,,,,10002,7,10005,25,,,9998.5,664
0,53600,AMETHYSTS,9998,2,9996,1,9995,22,10004,1,10005,22,,,10001,664
0,53600,STARFRUIT,5037,23,,,,,5044,23,,,,,5040.5,63.109375
0,53700,AMETHYSTS,9995,23,,,,,10005,23,,,,,10000,664
0,53700,STARFRUIT,5038,1,5037,23,,,5044,23,,,,,5041,61.15625
0,53800,AMETHYSTS,9998,8,9995,29,,,10005,29,,,,,10001.5,664
0,53800,STARFRUIT,5037,29,,,,,5044,29,,,,,5040.5,54.796875
0,53900,STARFRUIT,5038,1,5037,25,,,5040,4,5044,26,,,5039,66.4921875
0,53900,AMETHYSTS,9996,1,9995,25,,,10000,4,10002,8,10004,1,9998,664
0,54000,AMETHYSTS,9996,1,9995,21,,,10002,1,10004,1,10005,21,9999,664
0,54000,STARFRUIT,5038,7,5037,22,,,5044,22,,,,,5041,60.015625
0,54100,AMETHYSTS,9996,1,9995,21,,,10004,1,10005,21,,,10000,664
0,54100,STARFRUIT,5038,4,5037,22,,,5043,1,5044,21,,,5040.5,51.7109375
0,54200,AMETHYSTS,9996,1,9995,20,,,10004,1,10005,20,,,10000,668
0,54200,STARFRUIT,5037,20,,,,,5043,1,5044,20,,,5040,55.125
0,54300,STARFRUIT,5037,28,,,,,5043,2,5044,26,,,5040,55.203125
0,54300,AMETHYSTS,10002,1,9996,2,9995,26,10004,2,10005,26,,,10003,668
0,54400,AMETHYSTS,9995,22,,,,,10005,22,,,,,10000,674
0,54400,STARFRUIT,5037,22,,,,,5044,22,,,,,5040.5,73.828125
0,54500,AMETHYSTS,9996,2,9995,27,,,10002,2,10004,2,10005,27,9999,674
0,54500,STARFRUIT,5038,29,,,,,5045,29,,,,,5041.5,80.7734375
0,54600,AMETHYSTS,10002,2,9996,1,9995,29,10004,1,10005,29,,,10003,674
0,54600,STARFRUIT,5038,30,,,,,5045,30,,,,,5041.5,85.0546875
0,54700,STARFRUIT,5038,1,5037,22,,,5044,1,5045,22,,,5041,75.859375
0,54700,AMETHYSTS,9996,1,9995,22,,,10004,1,10005,22,,,10000,678
0,54800,AMETHYSTS,9996,2,9995,23,,,10004,2,10005,23,,,10000,684
0,54800,STARFRUIT,5039,9,5038,23,,,5045,25,,,,,5042,93.96875
0,54900,AMETHYSTS,9996,2,9995,22,,,10004,2,10005,22,,,10000,684
0,54900,STARFRUIT,5038,24,,,,,5043,1,5045,24,,,5040.5,91.1015625
0,55000,AMETHYSTS,9996,2,9995,20,,,10004,2,10005,20,,,10000,684
0,55000,STARFRUIT,5039,2,5038,20,,,5043,7,5045,22,,,5041,94.765625
0,55100,STARFRUIT,5039,26,,,,,5045,2,5046,24,,,5042,99.3828125
0,55100,AMETHYSTS,9996,2,9995,24,,,10004,2,10005,24,,,10000,684
0,55200,AMETHYSTS,9998,8,9996,1,9995,25,10004,1,10005,25,,,10001,684
0,55200,STARFRUIT,5038,25,,,,,5045,26,,,,,5041.5,95.4921875
0,55300,AMETHYSTS,9995,22,,,,,10002,5,10005,22,,,9998.5,684
0,55300,STARFRUIT,5039,22,,,,,5044,3,5046,22,,,5041.5,100.1875
0,55400,AMETHYSTS,9998,7,9996,1,9995,27,10004,1,10005,27,,,10001,684
0,55400,STARFRUIT,5039,6,5038,27,,,5045,28,,,,,5042,96.9609375
0,55500,STARFRUIT,5039,2,5038,22,,,5043,2,5045,24,,,5041,94.9765625
0,55500,AMETHYSTS,9996,2,9995,22,,,10004,2,10005,22,,,10000,684
0,55600,AMETHYSTS,9995,23,,,,,10002,9,10005,23,,,9998.5,684
0,55600,STARFRUIT,5038,23,,,,,5045,23,,,,,5041.5,95.015625
0,55700,AMETHYSTS,9996,1,9995,21,,,10002,7,10004,1,10005,21,9999,684
0,55700,STARFRUIT,5038,22,,,,,5045,22,,,,,5041.5,90.9140625
0,55800,AMETHYSTS,9996,1,9995,25,,,10004,1,10005,25,,,10000,684
0,55800,STARFRUIT,5039,8,5038,26,,,5045,26,,,,,5042,92.703125
0,55900,STARFRUIT,5041,4,5038,20,,,5045,20,,,,,5043,89.703125
0,55900,AMETHYSTS,9995,20,,,,,10005,20,,,,,10000,684
0,56000,AMETHYSTS,10000,2,9996,1,9995,24,10002,6,10004,1,10005,24,10001,684
0,56000,STARFRUIT,5041,2,5038,25,,,5043,7,5045,25,,,5042,89.59375
0,56100,AMETHYSTS,9996,1,9995,27,,,9998,1,10002,3,10004,1,9997,684
0,56100,STARFRUIT,5038,28,,,,,5044,1,5045,27,,,5041,81.140625
0,56200,AMETHYSTS,9996,1,9995,30,,,10000,4,10004,1,10005,30,9998,686
0,56200,STARFRUIT,5038,31,,,,,5041,4,5044,1,5045,30,5039.5,82.84375
0,56300,STARFRUIT,5038,28,,,,,5045,28,,,,,5041.5,83.578125
0,56300,AMETHYSTS,9995,28,,,,,10005,28,,,,,10000,686
0,56400,STARFRUIT,5038,29,,,,,5045,29,,,,,5041.5,84.140625
0,56400,AMETHYSTS,9996,2,9995,27,,,10004,2,10005,27,,,10000,686
0,56500,AMETHYSTS,9995,21,,,,,10002,9,10005,21,,,9998.5,686
0,56500,STARFRUIT,5038,21,,,,,5045,21,,,,,5041.5,87.375
0,56600,STARFRUIT,5038,2,5037,28,,,5043,3,5044,2,5045,28,5040.5,79.828125
0,56600,AMETHYSTS,9996,2,9995,28,,,10002,2,10004,2,10005,28,9999,686
0,56700,STARFRUIT,5038,2,5037,27,,,5039,4,5044,27,,,5038.5,78.09375
0,56700,AMETHYSTS,9998,5,9995,27,,,10005,27,,,,,10001.5,686
0,56800,STARFRUIT,5038,8,5037,23,,,5044,23,,,,,5041,73.484375
0,56800,AMETHYSTS,9995,23,,,,,10005,23,,,,,10000,686
0,56900,AMETHYSTS,9996,1,9995,20,,,10004,1,10005,20,,,10000,686
0,56900,STARFRUIT,5037,21,,,,,5044,21,,,,,5040.5,69.1484375
0,57000,STARFRUIT,5037,22,,,,,5044,22,,,,,5040.5,74.9453125
0,57000,AMETHYSTS,9996,2,9995,20,,,10002,10,10004,2,10005,20,9999,686
0,57100,STARFRUIT,5043,1,5037,24,,,5045,24,,,,,5044,80.2890625
0,57100,AMETHYSTS,9998,6,9995,24,,,10005,24,,,,,10001.5,686
0,57200,STARFRUIT,5038,1,5037,25,,,5044,26,,,,,5041,74.1796875
0,57200,AMETHYSTS,9998,5,9996,1,9995,25,10004,1,10005,25,,,10001,686
0,57300,AMETHYSTS,9996,1,9995,30,,,10004,1,10005,30,,,10000,686
0,57300,STARFRUIT,5038,31,,,,,5043,1,5044,1,5045,30,5040.5,81.6796875
0,57400,STARFRUIT,5038,28,,,,,5044,1,5045,27,,,5041,82.21875
0,57400,AMETHYSTS,9996,1,9995,27,,,10004,1,10005,27,,,10000,686
0,57500,STARFRUIT,5038,2,5037,21,,,5044,21,,,,,5041,77.046875
0,57500,AMETHYSTS,9995,21,,,,,10005,21,,,,,10000,686
0,57600,STARFRUIT,5040,5,5038,2,5037,20,5044,22,,,,,5042,75.8984375
0,57600,AMETHYSTS,10000,4,9996,2,9995,20,10004,2,10005,20,,,10002,686
0,57700,AMETHYSTS,9998,2,9996,1,9995,21,10004,1,10005,21,,,10001,686
0,57700,STARFRUIT,5037,22,,,,,5044,22,,,,,5040.5,65.5390625
0,57800,STARFRUIT,5038,7,5037,28,,,5044,28,,,,,5041,70.1484375
0,57800,AMETHYSTS,9996,2,9995,26,,,10002,4,10004,2,10005,26,9999,686
0,57900,STARFRUIT,5037,2,5036,26,,,5038,5,5043,28,,,5037.5,56.984375
0,57900,AMETHYSTS,9996,2,9995,26,,,10004,2,10005,26,,,10000,686
0,58000,STARFRUIT,5037,28,,,,,5044,28,,,,,5040.5,62.71875
0,58000,AMETHYSTS,9995,28,,,,,10005,28,,,,,10000,686
0,58100,AMETHYSTS,9998,7,9995,20,,,10005,20,,,,,10001.5,686
0,58100,STARFRUIT,5037,20,,,,,5044,20,,,,,5040.5,74.546875
0,58200,STARFRUIT,5037,29,,,,,5043,2,5044,27,,,5040,72.87109375
0,58200,AMETHYSTS,9996,2,9995,27,,,10004,2,10005,27,,,10000,688
0,58300,STARFRUIT,5037,2,5036,28,,,5043,30,,,,,5040,71.34960938
0,58300,AMETHYSTS,9996,2,9995,28,,,10004,2,10005,28,,,10000,688
0,58400,STARFRUIT,5037,25,,,,,5044,25,,,,,5040.5,73.01171875
0,58400,AMETHYSTS,9995,25,,,,,10005,25,,,,,10000,688
0,58500,AMETHYSTS,9998,3,9996,2,9995,20,10004,2,10005,20,,,10001,688
0,58500,STARFRUIT,5038,2,5037,20,,,5042,2,5044,22,,,5040,76.77539063
0,58600,STARFRUIT,5038,23,,,,,5045,23,,,,,5041.5,80.11523438
0,58600,AMETHYSTS,9996,1,9995,22,,,10004,1,10005,22,,,10000,688
0,58700,AMETHYSTS,9996,1,9995,29,,,9998,1,10000,4,10004,1,9997,690
0,58700,STARFRUIT,5038,30,,,,,5041,4,5044,1,5045,29,5039.5,80.328125
0,58800,AMETHYSTS,9996,1,9995,30,,,10004,1,10005,30,,,10000,692
0,58800,STARFRUIT,5038,1,5037,30,,,5042,5,5044,31,,,5040,78.0546875
0,58900,AMETHYSTS,9996,2,9995,23,,,10004,2,10005,23,,,10000,696
0,58900,STARFRUIT,5043,1,5037,25,,,5044,25,,,,,5043.5,77.3046875
0,59000,STARFRUIT,5038,1,5037,23,,,5044,1,5045,23,,,5041,78.5234375
0,59000,AMETHYSTS,9996,1,9995,23,,,10004,1,10005,23,,,10000,696
0,59100,AMETHYSTS,9998,7,9996,1,9995,20,10004,1,10005,20,,,10001,696
0,59100,STARFRUIT,5038,1,5037,20,,,5044,21,,,,,5041,76.96875
0,59200,AMETHYSTS,10002,1,9996,2,9995,23,10004,2,10005,23,,,10003,696
0,59200,STARFRUIT,5042,10,5038,10,5037,23,5044,25,,,,,5043,74.84375
0,59300,AMETHYSTS,9998,5,9995,22,,,10005,22,,,,,10001.5,696
0,59300,STARFRUIT,5036,22,,,,,5044,22,,,,,5040,59.0078125
0,59400,STARFRUIT,5036,23,,,,,5043,23,,,,,5039.5,53.8515625
0,59400,AMETHYSTS,10002,1,9995,23,,,10005,23,,,,,10003.5,696
0,59500,AMETHYSTS,9996,2,9995,22,,,10004,2,10005,22,,,10000,696
0,59500,STARFRUIT,5037,2,5036,22,,,5043,2,5044,22,,,5040,58.9609375
0,59600,AMETHYSTS,10002,1,9996,1,9995,24,10004,1,10005,24,,,10003,696
0,59600,STARFRUIT,5037,25,,,,,5044,25,,,,,5040.5,66.53125
0,59700,AMETHYSTS,9996,1,9995,25,,,10004,1,10005,25,,,10000,696
0,59700,STARFRUIT,5044,1,5038,26,,,5045,26,,,,,5044.5,90.0234375
0,59800,STARFRUIT,5038,24,,,,,5045,24,,,,,5041.5,91.4140625
0,59800,AMETHYSTS,9998,9,9996,2,9995,22,10004,2,10005,22,,,10001,696
0,59900,AMETHYSTS,9996,2,9995,23,,,10004,2,10005,23,,,10000,696
0,59900,STARFRUIT,5038,2,5037,23,,,5042,4,5044,25,,,5040,75.8046875
0,60000,AMETHYSTS,9996,1,9995,25,,,9998,3,10002,10,10004,1,9997,700
0,60000,STARFRUIT,5038,5,5037,26,,,5044,26,,,,,5041,73.875
0,60100,AMETHYSTS,9996,1,9995,27,,,10004,1,10005,27,,,10000,706
0,60100,STARFRUIT,5037,28,,,,,5044,28,,,,,5040.5,70.0546875
0,60200,STARFRUIT,5037,26,,,,,5044,26,,,,,5040.5,69.0078125
0,60200,AMETHYSTS,9996,1,9995,25,,,10004,1,10005,25,,,10000,706
0,60300,AMETHYSTS,9998,3,9996,1,9995,23,10004,1,10005,23,,,10001,706
0,60300,STARFRUIT,5037,24,,,,,5044,24,,,,,5040.5,68
0,60400,AMETHYSTS,9996,2,9995,22,,,9998,1,10004,2,10005,22,9997,706
0,60400,STARFRUIT,5037,24,,,,,5043,2,5044,22,,,5040,61.3359375
0,60500,AMETHYSTS,9995,25,,,,,10000,2,10005,25,,,9997.5,722
0,60500,STARFRUIT,5037,25,,,,,5040,2,5044,25,,,5038.5,60.796875
0,60600,STARFRUIT,5037,21,,,,,5043,1,5044,21,,,5040,63.34375
0,60600,AMETHYSTS,9996,1,9995,21,,,10004,1,10005,21,,,10000,722
0,60700,AMETHYSTS,9998,10,9995,24,,,10005,24,,,,,10001.5,744
0,60700,STARFRUIT,5042,9,5037,24,,,5044,24,,,,,5043,69.8671875
0,60800,AMETHYSTS,9996,2,9995,26,,,10004,2,10005,26,,,10000,744
0,60800,STARFRUIT,5043,1,5037,28,,,5044,28,,,,,5043.5,73.4921875
0,60900,STARFRUIT,5043,1,5037,29,,,5044,29,,,,,5043.5,74.671875
0,60900,AMETHYSTS,9998,10,9995,29,,,10005,29,,,,,10001.5,744
0,61000,AMETHYSTS,9996,1,9995,25,,,9998,1,10004,1,10005,25,9997,744
0,61000,STARFRUIT,5037,26,,,,,5044,26,,,,,5040.5,73.4609375
0,61100,AMETHYSTS,9996,2,9995,29,,,10004,2,10005,29,,,10000,746
0,61100,STARFRUIT,5037,31,,,,,5044,31,,,,,5040.5,64.203125
0,61200,AMETHYSTS,9998,1,9995,22,,,10005,22,,,,,10001.5,746
0,61200,STARFRUIT,5038,5,5037,22,,,5039,3,5044,22,,,5038.5,73.6875
0,61300,STARFRUIT,5036,27,,,,,5043,27,,,,,5039.5,54.984375
0,61300,AMETHYSTS,9995,27,,,,,10005,27,,,,,10000,746
0,61400,AMETHYSTS,9995,28,,,,,10005,28,,,,,10000,746
0,61400,STARFRUIT,5037,28,,,,,5044,28,,,,,5040.5,64.328125
0,61500,AMETHYSTS,9998,4,9995,22,,,10005,22,,,,,10001.5,746
0,61500,STARFRUIT,5042,1,5037,22,,,5044,22,,,,,5043,61.5703125
0,61600,AMETHYSTS,9996,1,9995,27,,,10004,1,10005,27,,,10000,746
0,61600,STARFRUIT,5037,28,,,,,5044,28,,,,,5040.5,70.7109375
0,61700,STARFRUIT,5037,23,,,,,5044,23,,,,,5040.5,73.140625
0,61700,AMETHYSTS,9996,2,9995,21,,,10004,2,10005,21,,,10000,746
0,61800,AMETHYSTS,9996,2,9995,24,,,10004,2,10005,24,,,10000,746
0,61800,STARFRUIT,5037,26,,,,,5038,1,5044,26,,,5037.5,70.703125
0,61900,AMETHYSTS,9995,28,,,,,10002,8,10005,28,,,9998.5,746
0,61900,STARFRUIT,5037,28,,,,,5044,28,,,,,5040.5,76.890625
0,62000,AMETHYSTS,9995,24,,,,,10005,24,,,,,10000,746
0,62000,STARFRUIT,5037,24,,,,,5044,24,,,,,5040.5,48.2109375
0,62100,STARFRUIT,5037,27,,,,,5043,2,5044,25,,,5040,55.90625
0,62100,AMETHYSTS,9996,2,9995,25,,,10002,3,10004,2,10005,25,9999,746
0,62200,AMETHYSTS,9998,9,9996,2,9995,22,10004,2,10005,22,,,10001,746
0,62200,STARFRUIT,5037,24,,,,,5042,1,5044,24,,,5039.5,46.5390625
0,62300,AMETHYSTS,9995,21,,,,,10005,21,,,,,10000,746
0,62300,STARFRUIT,5037,21,,,,,5044,21,,,,,5040.5,43.2890625
0,62400,AMETHYSTS,9995,24,,,,,10005,24,,,,,10000,746
0,62400,STARFRUIT,5037,24,,,,,5044,24,,,,,5040.5,42.75
0,62500,STARFRUIT,5038,2,5037,25,,,5044,27,,,,,5041,42.3203125
0,62500,AMETHYSTS,9996,2,9995,25,,,10004,2,10005,25,,,10000,746
0,62600,AMETHYSTS,9998,6,9996,1,9995,21,10004,1,10005,21,,,10001,746
0,62600,STARFRUIT,5038,1,5037,21,,,5044,22,,,,,5041,41.75
0,62700,AMETHYSTS,9998,3,9995,25,,,10005,25,,,,,10001.5,746
0,62700,STARFRUIT,5037,25,,,,,5044,25,,,,,5040.5,52.421875
0,62800,AMETHYSTS,9995,22,,,,,10005,22,,,,,10000,746
0,62800,STARFRUIT,5037,22,,,,,5044,22,,,,,5040.5,47.7578125
0,62900,STARFRUIT,5037,22,,,,,5043,2,5044,20,,,5040,56.03125
0,62900,AMETHYSTS,10002,11,9998,3,9996,2,10004,2,10005,20,,,10003,770
0,63000,AMETHYSTS,9995,30,,,,,10005,30,,,,,10000,792
0,63000,STARFRUIT,5037,30,,,,,5044,30,,,,,5040.5,45.4765625
0,63100,AMETHYSTS,9995,30,,,,,9998,1,10005,30,,,9996.5,792
0,63100,STARFRUIT,5037,30,,,,,5044,30,,,,,5040.5,42.484375
0,63200,AMETHYSTS,9996,1,9995,24,,,10004,1,10005,24,,,10000,794
0,63200,STARFRUIT,5038,25,,,,,5044,1,5045,24,,,5041,36.796875
0,63300,STARFRUIT,5043,1,5038,30,,,5045,30,,,,,5044,33.1015625
0,63300,AMETHYSTS,10002,4,9995,30,,,10005,30,,,,,10003.5,794
0,63400,AMETHYSTS,9996,2,9995,22,,,10004,2,10005,22,,,10000,802
0,63400,STARFRUIT,5038,24,,,,,5044,2,5045,22,,,5041,-0.2265625
0,63500,AMETHYSTS,9995,28,,,,,10005,28,,,,,10000,802
0,63500,STARFRUIT,5038,3,5037,28,,,5044,28,,,,,5041,-6.890625
0,63600,AMETHYSTS,9995,22,,,,,10005,22,,,,,10000,802
0,63600,STARFRUIT,5042,1,5037,22,,,5044,22,,,,,5043,-12.3984375
0,63700,STARFRUIT,5037,21,,,,,5040,5,5042,7,5044,21,5038.5,-15.8359375
0,63700,AMETHYSTS,9995,21,,,,,10000,5,10002,7,10005,21,9997.5,802
0,63800,AMETHYSTS,9996,1,9995,27,,,9998,1,10004,1,10005,27,9997,802
0,63800,STARFRUIT,5036,1,5035,27,,,5042,28,,,,,5039,-41.71875
0,63900,AMETHYSTS,9995,22,,,,,10000,2,10005,22,,,9997.5,804
0,63900,STARFRUIT,5035,22,,,,,5039,2,5043,22,,,5037,-40.546875
0,64000,AMETHYSTS,9995,30,,,,,9998,11,10002,10,10005,30,9996.5,804
0,64000,STARFRUIT,5036,2,5035,30,,,5042,30,,,,,5039,-48.1171875
0,64100,STARFRUIT,5036,28,,,,,5041,4,5042,2,5043,26,5038.5,-38.515625
0,64100,AMETHYSTS,9996,2,9995,26,,,10002,4,10004,2,10005,26,9999,826
0,64200,AMETHYSTS,9996,2,9995,25,,,10004,2,10005,25,,,10000,826
0,64200,STARFRUIT,5036,27,,,,,5043,27,,,,,5039.5,-33.921875
0,64300,AMETHYSTS,9998,4,9996,2,9995,20,10004,2,10005,20,,,10001,826
0,64300,STARFRUIT,5036,2,5035,22,,,5042,22,,,,,5039,-46.0078125
0,64400,AMETHYSTS,9996,2,9995,27,,,10004,2,10005,27,,,10000,826
0,64400,STARFRUIT,5036,4,5035,29,,,5042,29,,,,,5039,-48.3828125
0,64500,STARFRUIT,5036,7,5035,22,,,5042,22,,,,,5039,-49.4453125
0,64500,AMETHYSTS,9996,2,9995,20,,,10004,2,10005,20,,,10000,826
0,64600,AMETHYSTS,9996,2,9995,27,,,10004,2,10005,27,,,10000,826
0,64600,STARFRUIT,5036,2,5035,27,,,5042,29,,,,,5039,-41.8125
0,64700,AMETHYSTS,10002,1,9996,1,9995,28,10004,1,10005,28,,,10003,836
0,64700,STARFRUIT,5036,1,5035,28,,,5042,1,5043,28,,,5039,-40.9921875
0,64800,AMETHYSTS,9996,1,9995,20,,,10004,1,10005,20,,,10000,838
0,64800,STARFRUIT,5036,20,,,,,5042,1,5043,20,,,5039,-37.2578125
0,64900,STARFRUIT,5036,2,5035,30,,,5042,32,,,,,5039,-43.78125
0,64900,AMETHYSTS,9996,2,9995,30,,,9998,4,10002,10,10004,2,9997,838
0,65000,AMETHYSTS,9996,1,9995,26,,,10002,5,10004,1,10005,26,9999,840
0,65000,STARFRUIT,5041,1,5036,27,,,5042,1,5043,26,,,5041.5,-39.6640625
0,65100,AMETHYSTS,9998,10,9996,1,9995,25,10004,1,10005,25,,,10001,840
0,65100,STARFRUIT,5036,1,5035,25,,,5042,26,,,,,5039,-43.0390625
0,65200,AMETHYSTS,9996,1,9995,28,,,10002,6,10004,1,10005,28,9999,840
0,65200,STARFRUIT,5037,2,5036,29,,,5042,1,5043,28,,,5039.5,-36.5546875
0,65300,STARFRUIT,5036,29,,,,,5041,1,5043,29,,,5038.5,-37.5625
0,65300,AMETHYSTS,9995,29,,,,,10002,9,10005,29,,,9998.5,840
0,65400,STARFRUIT,5035,21,,,,,5037,2,5042,21,,,5036,-46.796875
0,65400,AMETHYSTS,9998,10,9995,21,,,10005,21,,,,,10001.5,840
0,65500,AMETHYSTS,9995,20,,,,,10005,20,,,,,10000,840
0,65500,STARFRUIT,5035,20,,,,,5042,20,,,,,5038.5,-72.484375
0,65600,STARFRUIT,5036,6,5035,20,,,5042,20,,,,,5039,-73.6640625
0,65600,AMETHYSTS,9998,3,9995,20,,,10005,20,,,,,10001.5,840
0,65700,STARFRUIT,5035,24,,,,,5036,1,5043,24,,,5035.5,-81.328125
0,65700,AMETHYSTS,9995,24,,,,,10005,24,,,,,10000,840
0,65800,STARFRUIT,5037,1,5036,30,,,5043,30,,,,,5040,-88.0234375
0,65800,AMETHYSTS,10002,4,9995,30,,,10005,30,,,,,10003.5,840
0,65900,AMETHYSTS,9996,2,9995,24,,,10004,2,10005,24,,,10000,848
0,65900,STARFRUIT,5037,2,5036,24,,,5043,26,,,,,5040,-100.5234375
0,66000,STARFRUIT,5037,7,5036,24,,,5043,25,,,,,5040,-99.828125
0,66000,AMETHYSTS,9996,1,9995,24,,,10004,1,10005,24,,,10000,848
0,66100,STARFRUIT,5042,1,5037,25,,,5043,2,5044,23,,,5042.5,-104.5546875
0,66100,AMETHYSTS,9996,2,9995,23,,,10004,2,10005,23,,,10000,848
0,66200,STARFRUIT,5041,5,5037,23,,,5043,1,5044,22,,,5042,-104.390625
0,66200,AMETHYSTS,10002,1,9996,1,9995,22,10004,1,10005,22,,,10003,852
0,66300,AMETHYSTS,10000,3,9995,20,,,10002,5,10005,20,,,10001,854
0,66300,STARFRUIT,5040,3,5037,20,,,5044,20,,,,,5042,-107.296875
0,66400,STARFRUIT,5037,2,5036,24,,,5043,26,,,,,5040,-100.296875
0,66400,AMETHYSTS,9996,2,9995,24,,,10004,2,10005,24,,,10000,854
0,66500,STARFRUIT,5042,1,5037,31,,,5043,1,5044,30,,,5042.5,-139.453125
0,66500,AMETHYSTS,9996,1,9995,30,,,10004,1,10005,30,,,10000,854
0,66600,STARFRUIT,5037,31,,,,,5044,31,,,,,5040.5,-108.4179688
0,66600,AMETHYSTS,10002,3,9998,1,9996,2,10004,2,10005,29,,,10003,854
0,66700,AMETHYSTS,9996,1,9995,25,,,10004,1,10005,25,,,10000,862
0,66700,STARFRUIT,5038,5,5037,26,,,5044,26,,,,,5041,-106.703125
0,66800,STARFRUIT,5038,1,5037,25,,,5044,26,,,,,5041,-104.5859375
0,66800,AMETHYSTS,9996,1,9995,25,,,10004,1,10005,25,,,10000,862
0,66900,STARFRUIT,5037,3,5036,20,,,5043,20,,,,,5040,-124.0546875
0,66900,AMETHYSTS,9995,20,,,,,10005,20,,,,,10000,862
0,67000,STARFRUIT,5036,24,,,,,5042,2,5043,22,,,5039,-138.1953125
0,67000,AMETHYSTS,9998,1,9996,2,9995,22,10004,2,10005,22,,,10001,862
0,67100,AMETHYSTS,9996,1,9995,25,,,10004,1,10005,25,,,10000,862
0,67100,STARFRUIT,5036,26,,,,,5043,26,,,,,5039.5,-130.25
0,67200,STARFRUIT,5036,23,,,,,5041,6,5043,23,,,5038.5,-130.734375
0,67200,AMETHYSTS,9995,23,,,,,10005,23,,,,,10000,862
0,67300,STARFRUIT,5038,1,5037,22,,,5043,1,5044,21,,,5040.5,-116.671875
0,67300,AMETHYSTS,9996,1,9995,21,,,10004,1,10005,21,,,10000,862
0,67400,STARFRUIT,5038,8,5037,29,,,5044,29,,,,,5041,-116.265625
0,67400,AMETHYSTS,9996,1,9995,28,,,10004,1,10005,28,,,10000,862
0,67500,AMETHYSTS,9995,22,,,,,10005,22,,,,,10000,872
0,67500,STARFRUIT,5037,22,,,,,5044,22,,,,,5040.5,-104.5625
0,67600,STARFRUIT,5038,1,5037,25,,,5044,26,,,,,5041,-103.734375
0,67600,AMETHYSTS,9996,1,9995,25,,,10004,1,10005,25,,,10000,872
0,67700,AMETHYSTS,9996,2,9995,21,,,10000,3,10004,2,10005,21,9998,872
0,67700,STARFRUIT,5037,23,,,,,5040,3,5044,23,,,5038.5,-111.765625
0,67800,AMETHYSTS,9996,2,9995,30,,,10004,2,10005,30,,,10000,872
0,67800,STARFRUIT,5038,6,5037,32,,,5044,32,,,,,5041,-112.1328125
0,67900,AMETHYSTS,9995,26,,,,,10005,26,,,,,10000,880
0,67900,STARFRUIT,5036,26,,,,,5043,26,,,,,5039.5,-124.5
0,68000,STARFRUIT,5042,1,5036,25,,,5043,25,,,,,5042.5,-126.6171875
0,68000,AMETHYSTS,9995,25,,,,,10002,5,10005,25,,,9998.5,880
0,68100,AMETHYSTS,9996,1,9995,26,,,10002,8,10004,1,10005,26,9999,880
0,68100,STARFRUIT,5037,7,5036,27,,,5042,1,5043,26,,,5039.5,-137.171875
0,68200,AMETHYSTS,9996,1,9995,23,,,9998,1,10004,1,10005,23,9997,880
0,68200,STARFRUIT,5036,1,5035,23,,,5042,24,,,,,5039,-144.515625
0,68300,AMETHYSTS,9996,1,9995,25,,,10002,4,10004,1,10005,25,9999,880
0,68300,STARFRUIT,5035,1,5034,25,,,5041,26,,,,,5038,-164.203125
0,68400,STARFRUIT,5034,31,,,,,5041,31,,,,,5037.5,-167.875
0,68400,AMETHYSTS,10002,1,9996,1,9995,30,10004,1,10005,30,,,10003,880
0,68500,AMETHYSTS,9996,1,9995,22,,,10004,1,10005,22,,,10000,882
0,68500,STARFRUIT,5035,1,5034,22,,,5039,5,5041,23,,,5037,-161.515625
0,68600,AMETHYSTS,9995,27,,,,,9998,1,10005,27,,,9996.5,884
0,68600,STARFRUIT,5034,27,,,,,5042,27,,,,,5038,-161.0546875
0,68700,AMETHYSTS,9998,10,9996,2,9995,20,10004,2,10005,20,,,10001,886
0,68700,STARFRUIT,5035,22,,,,,5041,2,5042,20,,,5038,-159.53125
0,68800,STARFRUIT,5035,1,5034,30,,,5037,6,5041,1,5042,30,5036,-161.1796875
0,68800,AMETHYSTS,9996,1,9995,30,,,10000,6,10002,1,10004,1,9998,886
0,68900,AMETHYSTS,9998,3,9996,2,9995,23,10004,2,10005,23,,,10001,886
0,68900,STARFRUIT,5035,25,,,,,5041,2,5042,23,,,5038,-158.2421875
0,69000,AMETHYSTS,9996,1,9995,27,,,10004,1,10005,27,,,10000,886
0,69000,STARFRUIT,5035,28,,,,,5041,1,5042,27,,,5038,-159.7265625
0,69100,AMETHYSTS,9996,1,9995,25,,,10004,1,10005,25,,,10000,886
0,69100,STARFRUIT,5036,1,5035,26,,,5041,1,5042,25,,,5038.5,-160.1640625
0,69200,STARFRUIT,5035,21,,,,,5042,21,,,,,5038.5,-156.1953125
0,69200,AMETHYSTS,9996,1,9995,20,,,10002,8,10004,1,10005,20,9999,888
0,69300,AMETHYSTS,9996,1,9995,23,,,10004,1,10005,23,,,10000,888
0,69300,STARFRUIT,5035,1,5034,23,,,5041,24,,,,,5038,-164.359375
0,69400,AMETHYSTS,9995,22,,,,,10005,22,,,,,10000,888
0,69400,STARFRUIT,5035,4,5034,22,,,5041,22,,,,,5038,-176.984375
0,69500,AMETHYSTS,9996,1,9995,30,,,10002,8,10004,1,10005,30,9999,888
0,69500,STARFRUIT,5034,2,5033,31,,,5039,1,5040,30,,,5036.5,-195.40625
0,69600,STARFRUIT,5033,27,,,,,5040,27,,,,,5036.5,-189.171875
0,69600,AMETHYSTS,9996,2,9995,25,,,10004,2,10005,25,,,10000,888
0,69700,AMETHYSTS,10002,1,9996,2,9995,24,10004,2,10005,24,,,10003,888
0,69700,STARFRUIT,5033,26,,,,,5040,26,,,,,5036.5,-190.234375
0,69800,AMETHYSTS,9996,1,9995,22,,,10004,1,10005,22,,,10000,890
0,69800,STARFRUIT,5034,22,,,,,5040,1,5041,22,,,5037,-178.328125
0,69900,STARFRUIT,5034,26,,,,,5040,2,5041,24,,,5037,-178.78125
0,69900,AMETHYSTS,10002,1,9998,10,9996,2,10004,2,10005,24,,,10003,890
0,70000,AMETHYSTS,9996,2,9995,28,,,10004,2,10005,28,,,10000,892
0,70000,STARFRUIT,5034,2,5033,28,,,5040,2,5041,28,,,5037,-179.8203125
0,70100,AMETHYSTS,10002,1,9995,27,,,10005,27,,,,,10003.5,892
0,70100,STARFRUIT,5033,27,,,,,5034,1,5040,27,,,5033.5,-186.421875
0,70200,AMETHYSTS,9996,2,9995,28,,,10004,2,10005,28,,,10000,894
0,70200,STARFRUIT,5033,30,,,,,5040,30,,,,,5036.5,-184.7109375
0,70300,STARFRUIT,5034,5,5033,24,,,5040,25,,,,,5037,-183.703125
0,70300,AMETHYSTS,9998,10,9996,1,9995,24,10004,1,10005,24,,,10001,894
0,70400,AMETHYSTS,10002,13,9996,2,9995,29,10004,2,10005,29,,,10003,896
0,70400,STARFRUIT,5034,31,,,,,5041,31,,,,,5037.5,-174.296875
0,70500,AMETHYSTS,10002,1,9995,21,,,10005,21,,,,,10003.5,922
0,70500,STARFRUIT,5034,21,,,,,5035,3,5041,21,,,5034.5,-175.0546875
0,70600,AMETHYSTS,10002,1,10000,3,9996,1,10004,1,10005,22,,,10003,924
0,70600,STARFRUIT,5036,2,5034,1,5033,22,5040,1,5041,22,,,5038,-180.265625
0,70700,STARFRUIT,5033,27,,,,,5040,27,,,,,5036.5,-187.359375
0,70700,AMETHYSTS,9995,27,,,,,10005,27,,,,,10000,926
0,70800,AMETHYSTS,9996,2,9995,20,,,9998,5,10002,8,10004,2,9997,928
0,70800,STARFRUIT,5033,22,,,,,5040,22,,,,,5036.5,-191.640625
0,70900,AMETHYSTS,9995,21,,,,,10005,21,,,,,10000,938
0,70900,STARFRUIT,5033,21,,,,,5034,1,5040,21,,,5033.5,-187.328125
0,71000,AMETHYSTS,9996,2,9995,28,,,9998,3,10004,2,10005,28,9997,938
0,71000,STARFRUIT,5034,2,5033,28,,,5038,1,5040,30,,,5036,-251.03125
0,71100,STARFRUIT,5035,6,5034,30,,,5041,30,,,,,5038,-260.5234375
0,71100,AMETHYSTS,9998,4,9995,30,,,10005,30,,,,,10001.5,944
0,71200,AMETHYSTS,9996,1,9995,27,,,9998,1,10004,1,10005,27,9997,956
0,71200,STARFRUIT,5035,1,5034,27,,,5041,28,,,,,5038,-270.8671875
0,71300,AMETHYSTS,9996,2,9995,28,,,10004,2,10005,28,,,10000,958
0,71300,STARFRUIT,5035,2,5034,28,,,5040,8,5041,2,5042,28,5037.5,-273.875
0,71400,AMETHYSTS,10002,2,9996,2,9995,25,10004,2,10005,25,,,10003,958
0,71400,STARFRUIT,5036,2,5035,25,,,5040,6,5042,27,,,5038,-290.5234375
0,71500,STARFRUIT,5035,26,,,,,5040,5,5042,26,,,5037.5,-288.71875
0,71500,AMETHYSTS,9995,26,,,,,10005,26,,,,,10000,970
0,71600,AMETHYSTS,9998,7,9996,2,9995,29,10004,2,10005,29,,,10001,970
0,71600,STARFRUIT,5035,31,,,,,5042,31,,,,,5038.5,-289.2421875
0,71700,AMETHYSTS,9996,1,9995,25,,,9998,1,10004,1,10005,25,9997,970
0,71700,STARFRUIT,5035,26,,,,,5042,26,,,,,5038.5,-287.921875
0,71800,AMETHYSTS,9995,22,,,,,9998,1,10005,22,,,9996.5,974
0,71800,STARFRUIT,5035,22,,,,,5042,22,,,,,5038.5,-289.21875
0,71900,STARFRUIT,5036,30,,,,,5043,30,,,,,5039.5,-300.15625
0,71900,AMETHYSTS,9996,2,9995,28,,,10004,2,10005,28,,,10000,976
0,72000,AMETHYSTS,9998,2,9996,1,9995,23,10004,1,10005,23,,,10001,976
0,72000,STARFRUIT,5036,24,,,,,5043,24,,,,,5039.5,-300.046875
0,72100,AMETHYSTS,9996,2,9995,24,,,9998,1,10004,2,10005,24,9997,976
0,72100,STARFRUIT,5035,26,,,,,5042,26,,,,,5038.5,-287.0703125
0,72200,AMETHYSTS,9995,25,,,,,9998,1,10005,25,,,9996.5,976
0,72200,STARFRUIT,5035,25,,,,,5042,25,,,,,5038.5,-284.03125
0,72300,STARFRUIT,5036,1,5035,22,,,5040,3,5042,23,,,5038,-288.390625
0,72300,AMETHYSTS,9996,1,9995,22,,,10004,1,10005,22,,,10000,976
0,72400,AMETHYSTS,9995,25,,,,,10005,25,,,,,10000,976
0,72400,STARFRUIT,5036,25,,,,,5043,25,,,,,5039.5,-301.6875
0,72500,AMETHYSTS,10000,4,9996,2,9995,20,10004,2,10005,20,,,10002,976
0,72500,STARFRUIT,5039,4,5037,2,5036,20,5043,22,,,,,5041,-308.9140625
0,72600,AMETHYSTS,9998,8,9995,28,,,10005,28,,,,,10001.5,976
0,72600,STARFRUIT,5036,28,,,,,5043,28,,,,,5039.5,-307.984375
0,72700,STARFRUIT,5036,28,,,,,5043,28,,,,,5039.5,-296.359375
0,72700,AMETHYSTS,9995,28,,,,,10005,28,,,,,10000,976
0,72800,AMETHYSTS,9996,2,9995,27,,,10004,2,10005,27,,,10000,976
0,72800,STARFRUIT,5036,29,,,,,5037,8,5043,29,,,5036.5,-321.5546875
0,72900,AMETHYSTS,9996,1,9995,22,,,10002,4,10004,1,10005,22,9999,976
0,72900,STARFRUIT,5037,2,5036,23,,,5043,23,,,,,5040,-324.078125
0,73000,AMETHYSTS,9995,21,,,,,10005,21,,,,,10000,976
0,73000,STARFRUIT,5036,21,,,,,5041,8,5043,21,,,5038.5,-313.234375
0,73100,STARFRUIT,5037,28,,,,,5042,3,5043,1,5044,27,5039.5,-308.1171875
0,73100,AMETHYSTS,9996,1,9995,27,,,10002,7,10004,1,10005,27,9999,976
0,73200,AMETHYSTS,9996,1,9995,23,,,10002,7,10004,1,10005,23,9999,976
0,73200,STARFRUIT,5037,24,,,,,5044,24,,,,,5040.5,-301.4765625
0,73300,AMETHYSTS,9996,2,9995,23,,,10004,2,10005,23,,,10000,976
0,73300,STARFRUIT,5037,25,,,,,5044,25,,,,,5040.5,-295.65625
0,73400,AMETHYSTS,9995,30,,,,,10002,6,10005,30,,,9998.5,976
0,73400,STARFRUIT,5038,30,,,,,5045,30,,,,,5041.5,-289.546875
0,73500,STARFRUIT,5038,25,,,,,5044,1,5045,24,,,5041,-287.171875
0,73500,AMETHYSTS,9998,6,9996,1,9995,24,10004,1,10005,24,,,10001,976
0,73600,AMETHYSTS,9995,30,,,,,9998,1,10005,30,,,9996.5,976
0,73600,STARFRUIT,5038,30,,,,,5045,30,,,,,5041.5,-285.2578125
0,73700,AMETHYSTS,10002,4,9995,25,,,10005,25,,,,,10003.5,976
0,73700,STARFRUIT,5038,25,,,,,5045,25,,,,,5041.5,-284.8984375
0,73800,AMETHYSTS,9998,1,9996,1,9995,21,10004,1,10005,21,,,10001,984
0,73800,STARFRUIT,5038,22,,,,,5045,22,,,,,5041.5,-281.0390625
0,73900,STARFRUIT,5038,27,,,,,5046,27,,,,,5042,-270.9296875
0,73900,AMETHYSTS,9995,27,,,,,10005,27,,,,,10000,984
0,74000,AMETHYSTS,10000,5,9996,2,9995,27,10004,2,10005,27,,,10002,988
0,74000,STARFRUIT,5041,6,5039,7,5038,29,5045,29,,,,,5043,-275.140625
0,74100,AMETHYSTS,9998,5,9996,1,9995,23,10004,1,10005,23,,,10001,988
0,74100,STARFRUIT,5042,3,5038,24,,,5045,24,,,,,5043.5,-281.359375
0,74200,STARFRUIT,5038,31,,,,,5043,7,5045,31,,,5040.5,-283.46875
0,74200,AMETHYSTS,9996,1,9995,30,,,10002,1,10004,1,10005,30,9999,988
0,74300,STARFRUIT,5039,1,5038,26,,,5043,3,5045,27,,,5041,-273.1796875
0,74300,AMETHYSTS,9998,6,9996,1,9995,26,10004,1,10005,26,,,10001,990
0,74400,STARFRUIT,5039,23,,,,,5046,23,,,,,5042.5,-261.3125
0,74400,AMETHYSTS,9996,2,9995,21,,,10004,2,10005,21,,,10000,992
0,74500,AMETHYSTS,9996,2,9995,24,,,10004,2,10005,24,,,10000,992
0,74500,STARFRUIT,5044,1,5043,3,5039,26,5046,26,,,,,5045,-264.375
0,74600,STARFRUIT,5040,1,5039,29,,,5046,29,,,,,5043,-266.28125
0,74600,AMETHYSTS,9996,2,9995,27,,,9998,2,10004,2,10005,27,9997,992
0,74700,STARFRUIT,5039,27,,,,,5046,27,,,,,5042.5,-264.671875
0,74700,AMETHYSTS,9996,1,9995,26,,,10004,1,10005,26,,,10000,996
0,74800,STARFRUIT,5039,3,5038,24,,,5045,26,,,,,5042,-271.625
0,74800,AMETHYSTS,9996,2,9995,24,,,10004,2,10005,24,,,10000,996
0,74900,AMETHYSTS,9996,1,9995,27,,,10004,1,10005,27,,,10000,996
0,74900,STARFRUIT,5039,1,5038,27,,,5045,1,5046,27,,,5042,-271.4609375
0,75000,STARFRUIT,5039,1,5038,21,,,5045,22,,,,,5042,-272.8828125
0,75000,AMETHYSTS,9996,1,9995,21,,,9998,4,10004,1,10005,21,9997,996
0,75100,STARFRUIT,5039,2,5038,26,,,5045,2,5046,26,,,5042,-271.203125
0,75100,AMETHYSTS,9996,2,9995,26,,,10002,8,10004,2,10005,26,9999,1006
0,75200,STARFRUIT,5040,7,5039,31,,,5046,31,,,,,5043,-264.8203125
0,75200,AMETHYSTS,9996,1,9995,30,,,10004,1,10005,30,,,10000,1006
0,75300,AMETHYSTS,9998,7,9996,1,9995,26,10004,1,10005,26,,,10001,1006
0,75300,STARFRUIT,5040,27,,,,,5046,1,5047,26,,,5043,-249.59375
0,75400,STARFRUIT,5039,25,,,,,5046,25,,,,,5042.5,-264.0078125
0,75400,AMETHYSTS,9995,25,,,,,10005,25,,,,,10000,1006
0,75500,STARFRUIT,5039,23,,,,,5046,23,,,,,5042.5,-261.109375
0,75500,AMETHYSTS,9996,1,9995,22,,,10004,1,10005,22,,,10000,1006
0,75600,STARFRUIT,5039,2,5038,23,,,5045,2,5046,23,,,5042,-270.765625
0,75600,AMETHYSTS,9996,2,9995,23,,,9998,9,10004,2,10005,23,9997,1008
0,75700,AMETHYSTS,9996,2,9995,25,,,10004,2,10005,25,,,10000,1008
0,75700,STARFRUIT,5044,1,5039,27,,,5046,27,,,,,5045,-264.984375
0,75800,STARFRUIT,5045,1,5040,1,5039,28,5046,28,,,,,5045.5,-259.375
0,75800,AMETHYSTS,9996,2,9995,26,,,10002,3,10004,2,10005,26,9999,1012
0,75900,STARFRUIT,5039,24,,,,,5044,3,5045,2,5046,22,5041.5,-266.46875
0,75900,AMETHYSTS,9996,2,9995,22,,,10004,2,10005,22,,,10000,1012
0,76000,STARFRUIT,5039,3,5038,31,,,5045,31,,,,,5042,-285.1796875
0,76000,AMETHYSTS,9998,8,9996,1,9995,30,10004,1,10005,30,,,10001,1012
0,76100,AMETHYSTS,10002,1,9995,28,,,10005,28,,,,,10003.5,1012
0,76100,STARFRUIT,5038,28,,,,,5045,28,,,,,5041.5,-284.0859375
0,76200,STARFRUIT,5037,28,,,,,5044,28,,,,,5040.5,-299.4453125
0,76200,AMETHYSTS,9998,9,9995,28,,,10005,28,,,,,10001.5,1014
0,76300,STARFRUIT,5037,22,,,,,5044,22,,,,,5040.5,-302.2109375
0,76300,AMETHYSTS,9998,7,9996,1,9995,21,10004,1,10005,21,,,10001,1014
0,76400,STARFRUIT,5038,8,5037,28,,,5044,28,,,,,5041,-301.1171875
0,76400,AMETHYSTS,9995,28,,,,,10005,28,,,,,10000,1014
0,76500,AMETHYSTS,10000,2,9995,28,,,10005,28,,,,,10002.5,1014
0,76500,STARFRUIT,5040,2,5037,28,,,5044,28,,,,,5042,-293.4296875
0,76600,STARFRUIT,5038,29,,,,,5045,29,,,,,5041.5,-283.859375
0,76600,AMETHYSTS,9995,29,,,,,10005,29,,,,,10000,1014
0,76700,AMETHYSTS,9998,9,9996,1,9995,30,10004,1,10005,30,,,10001,1014
0,76700,STARFRUIT,5039,30,,,,,5045,1,5046,30,,,5042,-266.578125
0,76800,AMETHYSTS,9995,25,,,,,10002,6,10005,25,,,9998.5,1014
0,76800,STARFRUIT,5039,25,,,,,5046,25,,,,,5042.5,-262.90625
0,76900,AMETHYSTS,9998,3,9996,2,9995,27,10004,2,10005,27,,,10001,1014
0,76900,STARFRUIT,5041,5,5040,29,,,5046,2,5047,27,,,5043.5,-249.7578125
0,77000,STARFRUIT,5040,28,,,,,5045,4,5047,28,,,5042.5,-241.921875
0,77000,AMETHYSTS,9995,28,,,,,10005,28,,,,,10000,1014
0,77100,AMETHYSTS,9998,10,9995,22,,,10005,22,,,,,10001.5,1014
0,77100,STARFRUIT,5045,5,5041,1,5040,22,5047,22,,,,,5046,-240.3828125
0,77200,AMETHYSTS,9995,30,,,,,10005,30,,,,,10000,1014
0,77200,STARFRUIT,5040,30,,,,,5047,30,,,,,5043.5,-243.21875
0,77300,AMETHYSTS,9998,4,9996,1,9995,25,10004,1,10005,25,,,10001,1014
0,77300,STARFRUIT,5040,26,,,,,5041,1,5047,26,,,5040.5,-237.1015625
0,77400,STARFRUIT,5040,29,,,,,5045,3,5047,29,,,5042.5,-263.09375
0,77400,AMETHYSTS,9996,2,9995,27,,,10004,2,10005,27,,,10000,1014
0,77500,AMETHYSTS,9996,1,9995,23,,,10004,1,10005,23,,,10000,1014
0,77500,STARFRUIT,5040,24,,,,,5047,24,,,,,5043.5,-264.3671875
0,77600,AMETHYSTS,9998,3,9995,30,,,10005,30,,,,,10001.5,1014
0,77600,STARFRUIT,5041,30,,,,,5048,30,,,,,5044.5,-274.3515625
0,77700,AMETHYSTS,10002,1,9996,1,9995,30,10004,1,10005,30,,,10003,1014
0,77700,STARFRUIT,5041,31,,,,,5048,31,,,,,5044.5,-283.625
0,77800,STARFRUIT,5042,2,5041,29,,,5048,31,,,,,5045,-287.203125
0,77800,AMETHYSTS,9998,2,9996,2,9995,29,10004,2,10005,29,,,10001,1016
0,77900,AMETHYSTS,9996,2,9995,24,,,9998,1,10002,7,10004,2,9997,1016
0,77900,STARFRUIT,5047,1,5042,26,,,5048,2,5049,24,,,5047.5,-294.6875
0,78000,AMETHYSTS,9995,21,,,,,10005,21,,,,,10000,1018
0,78000,STARFRUIT,5043,21,,,,,5050,21,,,,,5046.5,-314.875
0,78100,AMETHYSTS,9995,24,,,,,10005,24,,,,,10000,1018
0,78100,STARFRUIT,5042,23,,,,,5049,24,,,,,5045.5,-364.375
0,78200,STARFRUIT,5048,1,5043,5,5042,24,5049,24,,,,,5048.5,-354.796875
0,78200,AMETHYSTS,10002,1,9995,24,,,10005,24,,,,,10003.5,1018
0,78300,AMETHYSTS,9995,25,,,,,10005,25,,,,,10000,1020
0,78300,STARFRUIT,5042,25,,,,,5049,25,,,,,5045.5,-353.59375
0,78400,AMETHYSTS,9995,25,,,,,10005,25,,,,,10000,1020
0,78400,STARFRUIT,5042,25,,,,,5049,25,,,,,5045.5,-353.9765625
0,78500,AMETHYSTS,9996,2,9995,23,,,10004,2,10005,23,,,10000,1020
0,78500,STARFRUIT,5044,4,5043,25,,,5049,2,5050,23,,,5046.5,-349.0390625
0,78600,AMETHYSTS,9996,2,9995,23,,,10002,5,10004,2,10005,23,9999,1026
0,78600,STARFRUIT,5043,2,5042,23,,,5047,3,5049,25,,,5045,-354.71875
0,78700,AMETHYSTS,9996,1,9995,25,,,10004,1,10005,25,,,10000,1026
0,78700,STARFRUIT,5043,1,5042,25,,,5049,26,,,,,5046,-355.1015625
0,78800,AMETHYSTS,9995,29,,,,,10005,29,,,,,10000,1038
0,78800,STARFRUIT,5042,29,,,,,5049,29,,,,,5045.5,-365.828125
0,78900,STARFRUIT,5042,26,,,,,5048,1,5049,25,,,5045,-366.8125
0,78900,AMETHYSTS,9996,1,9995,25,,,9998,1,10004,1,10005,25,9997,1038
0,79000,AMETHYSTS,9996,1,9995,21,,,10004,1,10005,21,,,10000,1040
0,79000,STARFRUIT,5043,7,5042,22,,,5049,22,,,,,5046,-361
0,79100,AMETHYSTS,9995,20,,,,,9998,5,10005,20,,,9996.5,1040
0,79100,STARFRUIT,5042,20,,,,,5049,20,,,,,5045.5,-354.21875
0,79200,AMETHYSTS,9996,2,9995,24,,,10002,9,10004,2,10005,24,9999,1040
0,79200,STARFRUIT,5043,2,5042,24,,,5049,26,,,,,5046,-354.53125
0,79300,STARFRUIT,5043,6,5042,20,,,5049,21,,,,,5046,-355.0703125
