day;timestamp;product;bid_price_1;bid_volume_1;bid_price_2;bid_volume_2;bid_price_3;bid_volume_3;ask_price_1;ask_volume_1;ask_price_2;ask_volume_2;ask_price_3;ask_volume_3;mid_price;profit_and_loss
0;0;AMETHYSTS;9998;9;9995;23;;;10005;23;;;;;10001.5;0.0
0;0;STARFRUIT;5036;23;;;;;5043;23;;;;;5039.5;0.0
0;100;AMETHYSTS;10002;1;10000;2;9998;4;10004;1;10005;21;;;10003.0;0.0
0;100;STARFRUIT;5042;1;5039;2;5037;1;5043;22;;;;;5042.5;0.0
0;200;AMETHYSTS;9996;1;9995;21;;;10004;1;10005;21;;;10000.0;2.0
0;200;STARFRUIT;5037;1;5036;21;;;5043;1;5044;21;;;5040.0;0.0
0;300;STARFRUIT;5042;1;5037;26;;;5044;26;;;;;5043.0;0.0
0;300;AMETHYSTS;9995;26;;;;;10005;26;;;;;10000.0;2.0
0;400;AMETHYSTS;9998;8;9996;2;9995;26;10004;2;10005;26;;;10001.0;2.0
0;400;STARFRUIT;5037;28;;;;;5044;28;;;;;5040.5;0.0
0;500;AMETHYSTS;9998;8;9996;1;9995;23;10004;1;10005;23;;;10001.0;2.0
0;500;STARFRUIT;5037;24;;;;;5042;3;5044;24;;;5039.5;0.0
0;600;AMETHYSTS;9996;2;9995;28;;;10004;2;10005;28;;;10000.0;2.0
0;600;STARFRUIT;5041;5;5037;30;;;5044;30;;;;;5042.5;0.0
0;700;STARFRUIT;5036;22;;;;;5043;23;;;;;5039.5;0.0
0;700;AMETHYSTS;9996;1;9995;22;;;10004;1;10005;22;;;10000.0;2.0
0;800;AMETHYSTS;9996;1;9995;24;;;10000;3;10004;1;10005;24;9998.0;2.0
0;800;STARFRUIT;5036;25;;;;;5039;3;5043;25;;;5037.5;0.0
0;900;AMETHYSTS;9996;1;9995;20;;;9998;11;10004;1;10005;20;9997.0;3.0
0;900;STARFRUIT;5036;21;;;;;5043;21;;;;;5039.5;0.0
0;1000;AMETHYSTS;9996;1;9995;30;;;10004;1;10005;30;;;10000.0;25.0
0;1000;STARFRUIT;5037;1;5036;30;;;5043;31;;;;;5040.0;0.0
0;1100;STARFRUIT;5037;22;;;;;5043;1;5044;21;;;5040.0;0.0
0;1100;AMETHYSTS;9996;1;9995;21;;;10002;6;10004;1;10005;21;9999.0;25.0
0;1200;AMETHYSTS;9996;1;9995;22;;;10004;1;10005;22;;;10000.0;25.0
0;1200;STARFRUIT;5036;23;;;;;5037;1;5043;23;;;5036.5;0.0
0;1300;AMETHYSTS;10002;1;9995;25;;;10005;25;;;;;10003.5;25.0
0;1300;STARFRUIT;5036;25;;;;;5043;25;;;;;5039.5;0.0
0;1400;AMETHYSTS;9995;23;;;;;10000;6;10005;23;;;9997.5;27.0
0;1400;STARFRUIT;5036;23;;;;;5039;6;5043;23;;;5037.5;0.0
0;1500;STARFRUIT;5041;1;5036;21;;;5043;21;;;;;5042.0;0.0
0;1500;AMETHYSTS;9996;1;9995;20;;;9998;4;10004;1;10005;20;9997.0;27.0
0;1600;AMETHYSTS;9996;2;9995;28;;;10004;2;10005;28;;;10000.0;33.0
0;1600;STARFRUIT;5037;30;;;;;5043;2;5044;28;;;5040.0;0.0
0;1700;AMETHYSTS;9995;28;;;;;10005;28;;;;;10000.0;33.0
0;1700;STARFRUIT;5036;28;;;;;5041;8;5043;28;;;5038.5;0.0
0;1800;AMETHYSTS;10000;4;9995;23;;;10002;10;10005;23;;;10001.0;33.0
0;1800;STARFRUIT;5040;4;5036;23;;;5044;23;;;;;5042.0;0.0
0;1900;STARFRUIT;5036;31;;;;;5043;32;;;;;5039.5;0.0
0;1900;AMETHYSTS;9996;2;9995;30;;;10004;2;10005;30;;;10000.0;33.0
0;2000;AMETHYSTS;9996;2;9995;21;;;10004;2;10005;21;;;10000.0;33.0
0;2000;STARFRUIT;5036;23;;;;;5043;23;;;;;5039.5;0.0
0;2100;AMETHYSTS;9996;2;9995;26;;;10004;2;10005;26;;;10000.0;33.0
0;2100;STARFRUIT;5036;28;;;;;5041;5;5043;28;;;5038.5;0.0
0;2200;AMETHYSTS;9996;1;9995;20;;;9998;4;10004;1;10005;20;9997.0;33.0
0;2200;STARFRUIT;5037;4;5036;21;;;5043;21;;;;;5040.0;0.0
0;2300;STARFRUIT;5038;5;5037;24;;;5043;2;5044;22;;;5040.5;0.0
0;2300;AMETHYSTS;9996;2;9995;22;;;10004;2;10005;22;;;10000.0;41.0
0;2400;AMETHYSTS;9996;2;9995;20;;;10004;2;10005;20;;;10000.0;41.0
0;2400;STARFRUIT;5037;22;;;;;5043;2;5044;20;;;5040.0;0.0
0;2500;AMETHYSTS;9998;3;9996;2;9995;21;10004;2;10005;21;;;10001.0;41.0
0;2500;STARFRUIT;5036;23;;;;;5043;23;;;;;5039.5;0.0
0;2600;AMETHYSTS;10002;1;9996;1;9995;29;10004;1;10005;29;;;10003.0;41.0
0;2600;STARFRUIT;5035;30;;;;;5042;30;;;;;5038.5;0.0
0;2700;STARFRUIT;5036;7;5035;23;;;5041;2;5042;21;;;5038.5;0.0
0;2700;AMETHYSTS;9998;7;9996;2;9995;21;10004;2;10005;21;;;10001.0;43.0
0;2800;AMETHYSTS;9995;27;;;;;10005;27;;;;;10000.0;43.0
0;2800;STARFRUIT;5035;27;;;;;5042;27;;;;;5038.5;0.0
0;2900;AMETHYSTS;9996;2;9995;20;;;10004;2;10005;20;;;10000.0;43.0
0;2900;STARFRUIT;5035;22;;;;;5042;22;;;;;5038.5;0.0
0;3000;AMETHYSTS;9996;1;9995;29;;;10004;1;10005;29;;;10000.0;43.0
0;3000;STARFRUIT;5040;1;5035;6;5034;29;5041;30;;;;;5040.5;0.0
0;3100;STARFRUIT;5035;1;5034;27;;;5041;28;;;;;5038.0;2.13330078125
0;3100;AMETHYSTS;9998;5;9996;1;9995;27;10004;1;10005;27;;;10001.0;43.0
0;3200;STARFRUIT;5035;24;;;;;5038;5;5042;24;;;5036.5;1.8037109375
0;3200;AMETHYSTS;10002;2;9995;24;;;10005;24;;;;;10003.5;43.0
0;3300;AMETHYSTS;10002;1;9996;1;9995;24;10004;1;10005;24;;;10003.0;47.0
0;3300;STARFRUIT;5034;25;;;;;5041;25;;;;;5037.5;2.3701171875
0;3400;STARFRUIT;5034;29;;;;;5041;29;;;;;5037.5;2.40087890625
0;3400;AMETHYSTS;9998;10;9996;2;9995;27;10004;2;10005;27;;;10001.0;49.0
0;3500;STARFRUIT;5034;26;;;;;5041;26;;;;;5037.5;2.3515625
0;3500;AMETHYSTS;9995;26;;;;;10002;10;10005;26;;;9998.5;49.0
0;3600;STARFRUIT;5034;27;;;;;5041;27;;;;;5037.5;2.51953125
0;3600;AMETHYSTS;9995;27;;;;;10002;8;10005;27;;;9998.5;49.0
0;3700;AMETHYSTS;9998;3;9995;25;;;10005;25;;;;;10001.5;49.0
0;3700;STARFRUIT;5034;25;;;;;5041;25;;;;;5037.5;2.16015625
0;3800;STARFRUIT;5034;24;;;;;5039;7;5041;24;;;5036.5;2.287109375
0;3800;AMETHYSTS;9995;24;;;;;10005;24;;;;;10000.0;49.0
0;3900;STARFRUIT;5035;1;5034;26;;;5040;2;5041;24;;;5037.5;2.84521484375
0;3900;AMETHYSTS;9996;2;9995;24;;;10004;2;10005;24;;;10000.0;49.0
0;4000;STARFRUIT;5034;30;;;;;5041;31;;;;;5037.5;2.59912109375
0;4000;AMETHYSTS;10002;1;9996;1;9995;30;10004;1;10005;30;;;10003.0;49.0
0;4100;AMETHYSTS;10000;5;9996;2;9995;22;10002;4;10004;2;10005;22;10001.0;51.0
0;4100;STARFRUIT;5037;5;5035;2;5034;22;5041;24;;;;;5039.0;2.0283203125
0;4200;STARFRUIT;5034;29;;;;;5039;7;5041;29;;;5036.5;2.626953125
0;4200;AMETHYSTS;10002;5;9996;1;9995;28;10004;1;10005;28;;;10003.0;51.0
0;4300;STARFRUIT;5034;26;;;;;5036;2;5041;26;;;5035.0;2.03271484375
0;4300;AMETHYSTS;9995;26;;;;;10002;8;10005;26;;;9998.5;61.0
0;4400;STARFRUIT;5035;28;;;;;5042;28;;;;;5038.5;6.27490234375
0;4400;AMETHYSTS;9995;28;;;;;10005;28;;;;;10000.0;61.0
0;4500;AMETHYSTS;9995;26;;;;;10005;26;;;;;10000.0;61.0
0;4500;STARFRUIT;5035;26;;;;;5040;8;5042;26;;;5037.5;6.287109375
0;4600;STARFRUIT;5035;21;;;;;5040;3;5042;21;;;5037.5;6.1767578125
0;4600;AMETHYSTS;9995;21;;;;;10005;21;;;;;10000.0;61.0
0;4700;STARFRUIT;5034;26;;;;;5041;26;;;;;5037.5;5.390625
0;4700;AMETHYSTS;9998;5;9995;26;;;10005;26;;;;;10001.5;61.0
0;4800;STARFRUIT;5039;1;5035;7;5034;23;5041;23;;;;;5040.0;5.4345703125
0;4800;AMETHYSTS;9996;1;9995;22;;;10004;1;10005;22;;;10000.0;61.0
0;4900;AMETHYSTS;9996;2;9995;22;;;10004;2;10005;22;;;10000.0;61.0
0;4900;STARFRUIT;5033;24;;;;;5038;6;5040;24;;;5035.5;7.0
0;5000;STARFRUIT;5033;6;5032;30;;;5039;31;;;;;5036.0;7.0
0;5000;AMETHYSTS;9998;9;9996;1;9995;30;10004;1;10005;30;;;10001.0;61.0
0;5100;STARFRUIT;5032;26;;;;;5039;26;;;;;5035.5;7.0
0;5100;AMETHYSTS;9995;26;;;;;10005;26;;;;;10000.0;61.0
0;5200;STARFRUIT;5035;5;5033;8;5032;23;5039;25;;;;;5037.0;7.0
0;5200;AMETHYSTS;10000;5;9998;7;9996;2;10004;2;10005;23;;;10002.0;61.0
0;5300;AMETHYSTS;9995;22;;;;;9998;12;10005;22;;;9996.5;61.0
0;5300;STARFRUIT;5032;22;;;;;5039;22;;;;;5035.5;7.0
0;5400;STARFRUIT;5032;30;;;;;5039;30;;;;;5035.5;7.0
0;5400;AMETHYSTS;9995;30;;;;;10005;30;;;;;10000.0;85.0
0;5500;AMETHYSTS;9996;1;9995;28;;;10004;1;10005;28;;;10000.0;86.0
0;5500;STARFRUIT;5032;29;;;;;5033;8;5039;29;;;5032.5;7.0
0;5600;AMETHYSTS;9998;2;9996;2;9995;23;10004;2;10005;23;;;10001.0;88.0
0;5600;STARFRUIT;5032;25;;;;;5038;2;5039;23;;;5035.0;23.51171875
0;5700;AMETHYSTS;9996;1;9995;30;;;10004;1;10005;30;;;10000.0;88.0
0;5700;STARFRUIT;5032;3;5031;31;;;5038;31;;;;;5035.0;18.91796875
0;5800;STARFRUIT;5031;30;;;;;5038;30;;;;;5034.5;20.1796875
0;5800;AMETHYSTS;9996;2;9995;28;;;10004;2;10005;28;;;10000.0;88.0
0;5900;AMETHYSTS;9996;2;9995;21;;;10004;2;10005;21;;;10000.0;88.0
0;5900;STARFRUIT;5031;23;;;;;5038;23;;;;;5034.5;21.11328125
0;6000;AMETHYSTS;9995;30;;;;;10002;10;10005;30;;;9998.5;88.0
0;6000;STARFRUIT;5031;30;;;;;5038;30;;;;;5034.5;20.28515625
0;6100;AMETHYSTS;9996;1;9995;24;;;10004;1;10005;24;;;10000.0;88.0
0;6100;STARFRUIT;5031;25;;;;;5037;1;5038;24;;;5034.0;15.65625
0;6200;STARFRUIT;5036;1;5031;30;;;5038;30;;;;;5037.0;16.9765625
0;6200;AMETHYSTS;9998;3;9996;1;9995;29;10004;1;10005;29;;;10001.0;88.0
0;6300;AMETHYSTS;9995;22;;;;;10005;22;;;;;10000.0;88.0
0;6300;STARFRUIT;5030;22;;;;;5037;22;;;;;5033.5;14.39453125
0;6400;AMETHYSTS;9996;1;9995;23;;;10002;6;10004;1;10005;23;9999.0;88.0
0;6400;STARFRUIT;5030;24;;;;;5036;1;5037;23;;;5033.0;42.412109375
0;6500;AMETHYSTS;9995;22;;;;;10005;22;;;;;10000.0;88.0
0;6500;STARFRUIT;5029;22;;;;;5036;22;;;;;5032.5;43.109375
0;6600;STARFRUIT;5030;29;;;;;5031;7;5036;2;5037;27;5030.5;42.32421875
0;6600;AMETHYSTS;9996;2;9995;27;;;10004;2;10005;27;;;10000.0;88.0
0;6700;AMETHYSTS;9996;1;9995;30;;;10004;1;10005;30;;;10000.0;88.0
0;6700;STARFRUIT;5030;1;5029;30;;;5034;7;5036;31;;;5032.0;56.693359375
0;6800;AMETHYSTS;10000;5;9996;2;9995;29;10004;2;10005;29;;;10002.0;89.0
0;6800;STARFRUIT;5033;4;5030;31;;;5037;31;;;;;5035.0;34.796875
0;6900;AMETHYSTS;9996;2;9995;27;;;10004;2;10005;27;;;10000.0;89.0
0;6900;STARFRUIT;5030;29;;;;;5035;3;5037;29;;;5032.5;33.0625
0;7000;STARFRUIT;5030;8;5029;30;;;5036;31;;;;;5033.0;32.171875
0;7000;AMETHYSTS;9996;1;9995;30;;;10004;1;10005;30;;;10000.0;89.0
0;7100;AMETHYSTS;9996;1;9995;30;;;9998;5;10002;7;10004;1;9997.0;89.0
0;7100;STARFRUIT;5030;1;5029;30;;;5036;31;;;;;5033.0;31.90625
0;7200;AMETHYSTS;9996;1;9995;22;;;10002;1;10004;1;10005;22;9999.0;99.0
0;7200;STARFRUIT;5031;6;5030;23;;;5036;1;5037;22;;;5033.5;24.3671875
0;7300;AMETHYSTS;9996;1;9995;25;;;10004;1;10005;25;;;10000.0;99.0
0;7300;STARFRUIT;5030;26;;;;;5036;1;5037;25;;;5033.0;27.140625
0;7400;STARFRUIT;5030;22;;;;;5037;22;;;;;5033.5;24.1796875
0;7400;AMETHYSTS;10002;1;9995;22;;;10005;22;;;;;10003.5;99.0
0;7500;AMETHYSTS;9995;29;;;;;10005;29;;;;;10000.0;101.0
0;7500;STARFRUIT;5030;29;;;;;5035;3;5037;29;;;5032.5;11.359375
0;7600;AMETHYSTS;10002;1;9995;27;;;10005;27;;;;;10003.5;101.0
0;7600;STARFRUIT;5031;27;;;;;5038;27;;;;;5034.5;2.390625
0;7700;STARFRUIT;5030;26;;;;;5037;26;;;;;5033.5;13.609375
0;7700;AMETHYSTS;9996;1;9995;25;;;10002;5;10004;1;10005;25;9999.0;103.0
0;7800;AMETHYSTS;9995;23;;;;;10005;23;;;;;10000.0;103.0
0;7800;STARFRUIT;5031;1;5030;23;;;5037;23;;;;;5034.0;13.09375
0;7900;AMETHYSTS;9996;2;9995;22;;;10002;7;10004;2;10005;22;9999.0;103.0
0;7900;STARFRUIT;5030;24;;;;;5037;24;;;;;5033.5;19.0625
0;8000;AMETHYSTS;10000;3;9996;2;9995;28;10004;2;10005;28;;;10002.0;103.0
0;8000;STARFRUIT;5036;1;5033;3;5031;2;5037;30;;;;;5036.5;9.6875
0;8100;STARFRUIT;5030;25;;;;;5037;25;;;;;5033.5;9.5234375
0;8100;AMETHYSTS;9995;25;;;;;10005;25;;;;;10000.0;103.0
0;8200;AMETHYSTS;9996;2;9995;25;;;10004;2;10005;25;;;10000.0;103.0
0;8200;STARFRUIT;5030;27;;;;;5037;27;;;;;5033.5;13.375
0;8300;AMETHYSTS;9998;9;9995;28;;;10005;28;;;;;10001.5;103.0
0;8300;STARFRUIT;5030;28;;;;;5037;28;;;;;5033.5;12.4921875
0;8400;AMETHYSTS;9998;5;9995;29;;;10005;29;;;;;10001.5;103.0
0;8400;STARFRUIT;5031;29;;;;;5038;29;;;;;5034.5;6.09375
0;8500;STARFRUIT;5032;8;5031;27;;;5037;2;5038;25;;;5034.5;7.859375
0;8500;AMETHYSTS;9996;2;9995;25;;;10004;2;10005;25;;;10000.0;103.0
0;8600;AMETHYSTS;9996;2;9995;27;;;10004;2;10005;27;;;10000.0;103.0
0;8600;STARFRUIT;5031;29;;;;;5037;2;5038;27;;;5034.0;9.453125
0;8700;AMETHYSTS;9996;2;9995;22;;;10004;2;10005;22;;;10000.0;103.0
0;8700;STARFRUIT;5035;1;5031;8;5030;24;5037;24;;;;;5036.0;22.2265625
0;8800;AMETHYSTS;9996;1;9995;30;;;10004;1;10005;30;;;10000.0;103.0
0;8800;STARFRUIT;5030;31;;;;;5037;31;;;;;5033.5;19.6484375
0;8900;STARFRUIT;5031;2;5030;26;;;5037;26;;;;;5034.0;23.7578125
0;8900;AMETHYSTS;9995;26;;;;;10005;26;;;;;10000.0;103.0
0;9000;AMETHYSTS;9995;23;;;;;10005;23;;;;;10000.0;103.0
0;9000;STARFRUIT;5030;23;;;;;5037;23;;;;;5033.5;25.71875
0;9100;AMETHYSTS;9995;22;;;;;9998;1;10005;22;;;9996.5;103.0
0;9100;STARFRUIT;5030;5;5029;22;;;5036;22;;;;;5033.0;31.46875
0;9200;AMETHYSTS;9996;2;9995;25;;;10004;2;10005;25;;;10000.0;116.0
0;9200;STARFRUIT;5030;5;5029;25;;;5036;27;;;;;5033.0;29.6875
0;9300;STARFRUIT;5030;1;5029;29;;;5036;30;;;;;5033.0;30.5
0;9300;AMETHYSTS;10002;11;9998;1;9996;1;10004;1;10005;29;;;10003.0;116.0
0;9400;AMETHYSTS;10002;1;9996;2;9995;28;10004;2;10005;28;;;10003.0;138.0
0;9400;STARFRUIT;5031;3;5030;30;;;5036;2;5037;28;;;5033.5;24.6953125
0;9500;AMETHYSTS;10002;1;9996;2;9995;24;10004;2;10005;24;;;10003.0;140.0
0;9500;STARFRUIT;5030;2;5029;24;;;5036;26;;;;;5033.0;31.234375
0;9600;AMETHYSTS;9996;1;9995;20;;;10002;6;10004;1;10005;20;9999.0;142.0
0;9600;STARFRUIT;5029;21;;;;;5036;21;;;;;5032.5;35.28125
0;9700;STARFRUIT;5029;31;;;;;5032;5;5034;5;5036;31;5030.5;37.203125
0;9700;AMETHYSTS;9996;1;9995;30;;;10000;4;10004;1;10005;30;9998.0;142.0
0;9800;AMETHYSTS;9998;1;9996;2;9995;24;10004;2;10005;24;;;10001.0;142.0
0;9800;STARFRUIT;5029;26;;;;;5036;26;;;;;5032.5;37.6015625
0;9900;AMETHYSTS;9995;24;;;;;10005;24;;;;;10000.0;142.0
0;9900;STARFRUIT;5029;24;;;;;5036;24;;;;;5032.5;41.25
0;10000;AMETHYSTS;9995;27;;;;;10005;27;;;;;10000.0;142.0
0;10000;STARFRUIT;5029;27;;;;;5036;27;;;;;5032.5;41.140625
0;10100;STARFRUIT;5028;21;;;;;5033;5;5035;21;;;5030.5;53.078125
0;10100;AMETHYSTS;10002;4;9996;1;9995;20;10004;1;10005;20;;;10003.0;142.0
0;10200;AMETHYSTS;9995;20;;;;;10005;20;;;;;10000.0;150.0
0;10200;STARFRUIT;5028;20;;;;;5035;20;;;;;5031.5;52.609375
0;10300;AMETHYSTS;9996;1;9995;24;;;10004;1;10005;24;;;10000.0;150.0
0;10300;STARFRUIT;5030;5;5029;25;;;5035;1;5036;24;;;5032.5;46.75
0;10400;AMETHYSTS;9995;25;;;;;10005;25;;;;;10000.0;150.0
0;10400;STARFRUIT;5029;25;;;;;5036;25;;;;;5032.5;45.6328125
0;10500;STARFRUIT;5030;8;5029;26;;;5037;26;;;;;5033.5;29.109375
0;10500;AMETHYSTS;9995;26;;;;;10005;26;;;;;10000.0;150.0
0;10600;AMETHYSTS;9995;20;;;;;10005;20;;;;;10000.0;150.0
0;10600;STARFRUIT;5034;3;5029;20;;;5036;20;;;;;5035.0;38.9140625
0;10700;AMETHYSTS;9995;24;;;;;9998;3;10005;24;;;9996.5;150.0
0;10700;STARFRUIT;5030;7;5029;24;;;5036;24;;;;;5033.0;49.546875
0;10800;AMETHYSTS;9995;23;;;;;10002;1;10005;23;;;9998.5;156.0
0;10800;STARFRUIT;5030;6;5029;23;;;5036;23;;;;;5033.0;48.6015625
0;10900;STARFRUIT;5029;1;5028;22;;;5031;6;5035;23;;;5030.0;50.51171875
0;10900;AMETHYSTS;9996;1;9995;22;;;10000;6;10004;1;10005;22;9998.0;156.0
0;11000;AMETHYSTS;9996;1;9995;26;;;10004;1;10005;26;;;10000.0;156.0
0;11000;STARFRUIT;5028;27;;;;;5033;2;5035;27;;;5030.5;57.3974609375
0;11100;AMETHYSTS;9996;1;9995;30;;;10002;1;10004;1;10005;30;9999.0;156.0
0;11100;STARFRUIT;5029;1;5028;31;;;5034;1;5035;30;;;5031.5;57.640625
0;11200;AMETHYSTS;9996;2;9995;28;;;10004;2;10005;28;;;10000.0;156.0
0;11200;STARFRUIT;5028;2;5027;28;;;5032;5;5034;30;;;5030.0;58.4306640625
0;11300;STARFRUIT;5027;27;;;;;5034;27;;;;;5030.5;58.9599609375
0;11300;AMETHYSTS;9996;2;9995;25;;;10002;2;10004;2;10005;25;9999.0;156.0
0;11400;AMETHYSTS;9995;30;;;;;10005;30;;;;;10000.0;156.0
0;11400;STARFRUIT;5027;30;;;;;5034;30;;;;;5030.5;59.41015625
0;11500;AMETHYSTS;9996;1;9995;28;;;10004;1;10005;28;;;10000.0;156.0
0;11500;STARFRUIT;5027;29;;;;;5032;5;5034;29;;;5029.5;58.5849609375
0;11600;AMETHYSTS;9996;2;9995;22;;;10004;2;10005;22;;;10000.0;156.0
0;11600;STARFRUIT;5027;24;;;;;5032;7;5034;24;;;5029.5;58.85546875
0;11700;STARFRUIT;5029;4;5027;2;5026;20;5033;22;;;;;5031.0;60.3671875
0;11700;AMETHYSTS;10000;4;9996;2;9995;20;10004;2;10005;20;;;10002.0;156.0
0;11800;AMETHYSTS;9998;10;9996;1;9995;21;10004;1;10005;21;;;10001.0;156.0
0;11800;STARFRUIT;5026;22;;;;;5033;22;;;;;5029.5;61.0400390625
0;11900;AMETHYSTS;10002;1;10000;4;9998;1;10004;1;10005;22;;;10003.0;156.0
0;11900;STARFRUIT;5028;4;5026;1;5025;22;5032;23;;;;;5030.0;62.4677734375
0;12000;STARFRUIT;5025;28;;;;;5032;28;;;;;5028.5;63.1220703125
0;12000;AMETHYSTS;9996;1;9995;27;;;10004;1;10005;27;;;10000.0;158.0
0;12100;STARFRUIT;5026;2;5025;23;;;5032;25;;;;;5029.0;62.275390625
0;12100;AMETHYSTS;9996;2;9995;23;;;9998;8;10004;2;10005;23;9997.0;158.0
0;12200;STARFRUIT;5025;25;;;;;5032;25;;;;;5028.5;62.498046875
0;12200;AMETHYSTS;9996;2;9995;23;;;10004;2;10005;23;;;10000.0;174.0
0;12300;AMETHYSTS;9996;1;9995;24;;;10002;3;10004;1;10005;24;9999.0;174.0
0;12300;STARFRUIT;5026;5;5025;24;;;5032;25;;;;;5029.0;62.2216796875
0;12400;STARFRUIT;5026;29;;;;;5033;29;;;;;5029.5;61.5966796875
0;12400;AMETHYSTS;10002;1;9998;5;9995;29;10005;29;;;;;10003.5;174.0
0;12500;STARFRUIT;5029;3;5026;23;;;5033;23;;;;;5031.0;61.359375
0;12500;AMETHYSTS;10000;3;9996;1;9995;22;10004;1;10005;22;;;10002.0;176.0
0;12600;STARFRUIT;5029;4;5026;26;;;5033;26;;;;;5031.0;61.2451171875
0;12600;AMETHYSTS;10000;4;9995;26;;;10005;26;;;;;10002.5;176.0
0;12700;AMETHYSTS;10002;1;9996;1;9995;27;10004;1;10005;27;;;10003.0;176.0
0;12700;STARFRUIT;5027;28;;;;;5034;28;;;;;5030.5;59.474609375
0;12800;STARFRUIT;5030;4;5027;30;;;5034;30;;;;;5032.0;59.0712890625
0;12800;AMETHYSTS;10000;4;9996;2;9995;28;10002;9;10004;2;10005;28;10001.0;176.0
0;12900;STARFRUIT;5027;23;;;;;5032;2;5034;23;;;5029.5;59.125
0;12900;AMETHYSTS;9996;2;9995;21;;;10002;4;10004;2;10005;21;9999.0;176.0
0;13000;STARFRUIT;5027;32;;;;;5034;32;;;;;5030.5;58.7958984375
0;13000;AMETHYSTS;9996;2;9995;30;;;10002;2;10004;2;10005;30;9999.0;176.0
0;13100;AMETHYSTS;9995;21;;;;;10000;2;10005;21;;;9997.5;176.0
0;13100;STARFRUIT;5028;21;;;;;5031;2;5035;21;;;5029.5;57.83203125
0;13200;STARFRUIT;5033;1;5029;7;5028;31;5035;31;;;;;5034.0;57.392578125
0;13200;AMETHYSTS;9998;9;9996;2;9995;29;10004;2;10005;29;;;10001.0;176.0
0;13300;STARFRUIT;5028;23;;;;;5035;23;;;;;5031.5;58.4375
0;13300;AMETHYSTS;10002;2;9996;1;9995;22;10004;1;10005;22;;;10003.0;176.0
0;13400;STARFRUIT;5028;26;;;;;5035;26;;;;;5031.5;58.4296875
0;13400;AMETHYSTS;9995;26;;;;;10005;26;;;;;10000.0;180.0
0;13500;AMETHYSTS;9996;1;9995;24;;;10004;1;10005;24;;;10000.0;180.0
0;13500;STARFRUIT;5028;25;;;;;5035;25;;;;;5031.5;59.044921875
0;13600;STARFRUIT;5028;26;;;;;5033;3;5035;26;;;5030.5;58.267578125
0;13600;AMETHYSTS;9996;2;9995;24;;;10002;6;10004;2;10005;24;9999.0;180.0
0;13700;STARFRUIT;5028;28;;;;;5035;28;;;;;5031.5;57.5625
0;13700;AMETHYSTS;10002;1;9995;28;;;10005;28;;;;;10003.5;180.0
0;13800;STARFRUIT;5028;23;;;;;5035;23;;;;;5031.5;57.19140625
0;13800;AMETHYSTS;9998;1;9995;23;;;10005;23;;;;;10001.5;180.0
0;13900;AMETHYSTS;9996;1;9995;20;;;10004;1;10005;20;;;10000.0;180.0
0;13900;STARFRUIT;5029;21;;;;;5031;3;5036;21;;;5030.0;55.2802734375
0;14000;STARFRUIT;5030;3;5029;28;;;5036;29;;;;;5033.0;54.408203125
0;14000;AMETHYSTS;10002;6;9998;1;9996;1;10004;1;10005;28;;;10003.0;180.0
0;14100;STARFRUIT;5029;22;;;;;5036;22;;;;;5032.5;54.8828125
0;14100;AMETHYSTS;9996;2;9995;20;;;10002;4;10004;2;10005;20;9999.0;180.0
0;14200;STARFRUIT;5029;21;;;;;5036;21;;;;;5032.5;78.12890625
0;14200;AMETHYSTS;9995;21;;;;;10005;21;;;;;10000.0;180.0
0;14300;AMETHYSTS;9996;1;9995;21;;;10004;1;10005;21;;;10000.0;180.0
0;14300;STARFRUIT;5029;1;5028;21;;;5035;22;;;;;5032.0;71.1328125
0;14400;STARFRUIT;5029;22;;;;;5036;23;;;;;5032.5;77.14453125
0;14400;AMETHYSTS;10002;4;9996;2;9995;21;10004;2;10005;21;;;10003.0;180.0
0;14500;AMETHYSTS;9996;1;9995;28;;;10002;10;10004;1;10005;28;9999.0;180.0
0;14500;STARFRUIT;5029;29;;;;;5034;6;5036;29;;;5031.5;76.9921875
0;14600;AMETHYSTS;9996;1;9995;27;;;10004;1;10005;27;;;10000.0;180.0
0;14600;STARFRUIT;5029;1;5028;27;;;5030;3;5035;1;5036;27;5029.5;71.8203125
0;14700;AMETHYSTS;9996;1;9995;23;;;10004;1;10005;23;;;10000.0;180.0
0;14700;STARFRUIT;5029;24;;;;;5034;2;5035;1;5036;23;5031.5;78.8046875
0;14800;STARFRUIT;5029;1;5028;30;;;5033;3;5035;31;;;5031.0;75.6328125
0;14800;AMETHYSTS;9996;1;9995;30;;;9998;1;10004;1;10005;30;9997.0;180.0
0;14900;AMETHYSTS;9996;1;9995;25;;;10002;1;10004;1;10005;25;9999.0;182.0
0;14900;STARFRUIT;5032;4;5028;26;;;5035;26;;;;;5033.5;67.5390625
0;15000;AMETHYSTS;9996;2;9995;25;;;10004;2;10005;25;;;10000.0;182.0
0;15000;STARFRUIT;5029;6;5028;25;;;5035;27;;;;;5032.0;77.5703125
0;15100;AMETHYSTS;9996;1;9995;20;;;9998;1;10004;1;10005;20;9997.0;182.0
0;15100;STARFRUIT;5028;21;;;;;5035;21;;;;;5031.5;69.125
0;15200;STARFRUIT;5031;4;5029;4;5028;23;5035;23;;;;;5033.0;72.40625
0;15200;AMETHYSTS;10000;4;9996;2;9995;21;10002;4;10004;2;10005;21;10001.0;184.0
0;15300;AMETHYSTS;9996;2;9995;22;;;10002;7;10004;2;10005;22;9999.0;184.0
0;15300;STARFRUIT;5028;2;5027;22;;;5033;6;5034;2;5035;22;5030.5;63.0390625
0;15400;AMETHYSTS;9995;30;;;;;10005;30;;;;;10000.0;184.0
0;15400;STARFRUIT;5027;30;;;;;5034;30;;;;;5030.5;59.78125
0;15500;AMETHYSTS;9995;25;;;;;9998;11;10005;25;;;9996.5;184.0
0;15500;STARFRUIT;5028;25;;;;;5035;25;;;;;5031.5;63.4453125
0;15600;STARFRUIT;5028;23;;;;;5034;1;5035;22;;;5031.0;63.8046875
0;15600;AMETHYSTS;9996;1;9995;22;;;10004;1;10005;22;;;10000.0;206.0
0;15700;AMETHYSTS;9996;2;9995;28;;;10004;2;10005;28;;;10000.0;206.0
0;15700;STARFRUIT;5028;30;;;;;5033;1;5034;2;5035;28;5030.5;64.34375
0;15800;AMETHYSTS;9998;6;9996;2;9995;26;10004;2;10005;26;;;10001.0;206.0
0;15800;STARFRUIT;5029;4;5028;28;;;5035;28;;;;;5032.0;73.8984375
0;15900;AMETHYSTS;9996;1;9995;20;;;10002;8;10004;1;10005;20;9999.0;206.0
0;15900;STARFRUIT;5029;1;5028;20;;;5030;3;5035;21;;;5029.5;78.32421875
0;16000;STARFRUIT;5029;22;;;;;5034;4;5036;22;;;5031.5;90.0234375
0;16000;AMETHYSTS;9996;2;9995;20;;;10004;2;10005;20;;;10000.0;206.0
0;16100;AMETHYSTS;9996;1;9995;26;;;10004;1;10005;26;;;10000.0;206.0
0;16100;STARFRUIT;5029;27;;;;;5031;2;5034;8;5036;27;5030.0;95.0078125
0;16200;AMETHYSTS;9995;27;;;;;10002;4;10005;27;;;9998.5;206.0
0;16200;STARFRUIT;5029;26;;;;;5036;27;;;;;5032.5;87.015625
0;16300;AMETHYSTS;9996;1;9995;21;;;10004;1;10005;21;;;10000.0;206.0
0;16300;STARFRUIT;5029;22;;;;;5036;22;;;;;5032.5;90.234375
0;16400;AMETHYSTS;9996;2;9995;25;;;10002;6;10004;2;10005;25;9999.0;208.0
0;16400;STARFRUIT;5028;27;;;;;5033;7;5035;27;;;5030.5;82.1328125
0;16500;AMETHYSTS;9995;22;;;;;10005;22;;;;;10000.0;208.0
0;16500;STARFRUIT;5028;22;;;;;5033;1;5035;22;;;5030.5;70.6875
0;16600;AMETHYSTS;9995;26;;;;;10005;26;;;;;10000.0;208.0
0;16600;STARFRUIT;5029;7;5028;26;;;5035;26;;;;;5032.0;70.9140625
0;16700;STARFRUIT;5028;25;;;;;5035;25;;;;;5031.5;74.6484375
0;16700;AMETHYSTS;10002;1;9998;2;9995;25;10005;25;;;;;10003.5;208.0
0;16800;AMETHYSTS;10000;2;9996;2;9995;25;10004;2;10005;25;;;10002.0;210.0
0;16800;STARFRUIT;5031;2;5028;27;;;5035;27;;;;;5033.0;76.1328125
0;16900;AMETHYSTS;9996;2;9995;22;;;10004;2;10005;22;;;10000.0;210.0
0;16900;STARFRUIT;5028;24;;;;;5035;24;;;;;5031.5;75.125
0;17000;AMETHYSTS;9996;1;9995;25;;;10004;1;10005;25;;;10000.0;210.0
0;17000;STARFRUIT;5029;1;5028;26;;;5034;1;5035;25;;;5031.5;70.9453125
0;17100;STARFRUIT;5028;1;5027;26;;;5034;27;;;;;5031.0;68.0078125
0;17100;AMETHYSTS;9996;1;9995;26;;;10004;1;10005;26;;;10000.0;210.0
0;17200;AMETHYSTS;9996;1;9995;27;;;10004;1;10005;27;;;10000.0;210.0
0;17200;STARFRUIT;5028;5;5027;28;;;5034;28;;;;;5031.0;58.265625
0;17300;AMETHYSTS;9996;1;9995;27;;;10004;1;10005;27;;;10000.0;210.0
0;17300;STARFRUIT;5026;28;;;;;5031;6;5032;1;5033;27;5028.5;39.2734375
0;17400;AMETHYSTS;9995;25;;;;;9998;11;10005;25;;;9996.5;210.0
0;17400;STARFRUIT;5030;3;5026;2;5025;25;5032;25;;;;;5031.0;36.265625
0;17500;STARFRUIT;5026;28;;;;;5033;28;;;;;5029.5;43.2890625
0;17500;AMETHYSTS;9996;2;9995;26;;;10004;2;10005;26;;;10000.0;232.0
0;17600;AMETHYSTS;9996;1;9995;29;;;10004;1;10005;29;;;10000.0;232.0
0;17600;STARFRUIT;5027;3;5026;30;;;5032;1;5033;29;;;5029.5;62.171875
0;17700;AMETHYSTS;9998;2;9995;22;;;10005;22;;;;;10001.5;232.0
0;17700;STARFRUIT;5026;22;;;;;5033;22;;;;;5029.5;63.642578125
0;17800;AMETHYSTS;9996;2;9995;30;;;9998;3;10002;5;10004;2;9997.0;232.0
0;17800;STARFRUIT;5026;32;;;;;5031;5;5033;32;;;5028.5;64.76953125
0;17900;STARFRUIT;5032;1;5029;2;5026;21;5033;21;;;;;5032.5;64.625
0;17900;AMETHYSTS;9995;21;;;;;9998;1;10002;3;10005;21;9996.5;238.0
0;18000;AMETHYSTS;9995;24;;;;;10005;24;;;;;10000.0;240.0
0;18000;STARFRUIT;5026;24;;;;;5033;24;;;;;5029.5;66.12109375
0;18100;AMETHYSTS;9996;2;9995;28;;;10004;2;10005;28;;;10000.0;240.0
0;18100;STARFRUIT;5026;30;;;;;5033;30;;;;;5029.5;66.0927734375
0;18200;AMETHYSTS;9996;2;9995;23;;;10002;10;10004;2;10005;23;9999.0;240.0
0;18200;STARFRUIT;5027;25;;;;;5033;2;5034;23;;;5030.0;68.07421875
0;18300;STARFRUIT;5027;20;;;;;5034;20;;;;;5030.5;68.689453125
0;18300;AMETHYSTS;9995;20;;;;;10005;20;;;;;10000.0;249.0
0;18400;AMETHYSTS;9996;1;9995;21;;;10004;1;10005;21;;;10000.0;249.0
0;18400;STARFRUIT;5032;1;5027;22;;;5033;1;5034;21;;;5032.5;68.345703125
0;18500;AMETHYSTS;9996;2;9995;21;;;10004;2;10005;21;;;10000.0;249.0
0;18500;STARFRUIT;5027;23;;;;;5029;1;5034;23;;;5028.0;71.1787109375
0;18600;AMETHYSTS;9996;1;9995;21;;;10004;1;10005;21;;;10000.0;249.0
0;18600;STARFRUIT;5028;22;;;;;5029;9;5035;22;;;5028.5;75.21484375
0;18700;STARFRUIT;5028;30;;;;;5035;30;;;;;5031.5;101.34375
0;18700;AMETHYSTS;10002;1;9995;30;;;10005;30;;;;;10003.5;249.0
0;18800;AMETHYSTS;9995;24;;;;;10002;7;10005;24;;;9998.5;251.0
0;18800;STARFRUIT;5028;24;;;;;5035;24;;;;;5031.5;97.77734375
0;18900;AMETHYSTS;10002;1;9995;25;;;10005;25;;;;;10003.5;251.0
0;18900;STARFRUIT;5030;7;5029;25;;;5036;25;;;;;5033.0;107.15234375
0;19000;AMETHYSTS;9996;1;9995;30;;;10004;1;10005;30;;;10000.0;253.0
0;19000;STARFRUIT;5029;31;;;;;5036;31;;;;;5032.5;110.50390625
0;19100;STARFRUIT;5030;2;5029;21;;;5036;23;;;;;5033.0;115.2265625
0;19100;AMETHYSTS;9996;2;9995;21;;;10004;2;10005;21;;;10000.0;253.0
0;19200;AMETHYSTS;9995;26;;;;;10002;1;10005;26;;;9998.5;253.0
0;19200;STARFRUIT;5030;26;;;;;5037;26;;;;;5033.5;119.5
0;19300;AMETHYSTS;9996;2;9995;23;;;9998;6;10004;2;10005;23;9997.0;253.0
0;19300;STARFRUIT;5032;2;5031;23;;;5038;25;;;;;5035.0;137.75
0;19400;AMETHYSTS;9996;2;9995;24;;;10002;5;10004;2;10005;24;9999.0;265.0
0;19400;STARFRUIT;5032;26;;;;;5038;2;5039;24;;;5035.0;141.3359375
0;19500;STARFRUIT;5031;23;;;;;5038;23;;;;;5034.5;138.23046875
0;19500;AMETHYSTS;9995;23;;;;;10005;23;;;;;10000.0;265.0
0;19600;AMETHYSTS;10002;1;9998;5;9996;1;10004;1;10005;26;;;10003.0;265.0
0;19600;STARFRUIT;5032;27;;;;;5038;1;5039;26;;;5035.0;141.546875
0;19700;AMETHYSTS;9996;2;9995;29;;;10004;2;10005;29;;;10000.0;267.0
0;19700;STARFRUIT;5032;31;;;;;5039;31;;;;;5035.5;151.708984375
0;19800;AMETHYSTS;9996;2;9995;26;;;10004;2;10005;26;;;10000.0;267.0
0;19800;STARFRUIT;5033;2;5032;26;;;5039;28;;;;;5036.0;151.2421875
0;19900;STARFRUIT;5033;1;5032;22;;;5039;23;;;;;5036.0;150.76953125
0;19900;AMETHYSTS;9996;1;9995;22;;;9998;1;10004;1;10005;22;9997.0;267.0
0;20000;AMETHYSTS;9995;26;;;;;9998;1;10005;26;;;9996.5;276.0
0;20000;STARFRUIT;5032;26;;;;;5037;4;5039;26;;;5034.5;149.12109375
0;20100;AMETHYSTS;9996;1;9995;29;;;9998;4;10004;1;10005;29;9997.0;278.0
0;20100;STARFRUIT;5033;30;;;;;5038;4;5039;1;5040;29;5035.5;155.4296875
0;20200;AMETHYSTS;10002;1;9995;20;;;10005;20;;;;;10003.5;286.0
0;20200;STARFRUIT;5032;20;;;;;5039;20;;;;;5035.5;146.59375
0;20300;STARFRUIT;5032;24;;;;;5039;24;;;;;5035.5;150.3984375
0;20300;AMETHYSTS;10002;4;9995;24;;;10005;24;;;;;10003.5;288.0
0;20400;AMETHYSTS;10002;2;9996;1;9995;27;10004;1;10005;27;;;10003.0;296.0
0;20400;STARFRUIT;5032;28;;;;;5033;3;5039;28;;;5032.5;138.7578125
0;20500;AMETHYSTS;9998;7;9996;1;9995;25;10004;1;10005;25;;;10001.0;300.0
0;20500;STARFRUIT;5032;26;;;;;5033;8;5039;26;;;5032.5;143.9921875
0;20600;AMETHYSTS;9996;1;9995;24;;;9998;4;10002;5;10004;1;9997.0;300.0
0;20600;STARFRUIT;5033;25;;;;;5040;25;;;;;5036.5;151.4609375
0;20700;STARFRUIT;5038;2;5034;3;5033;30;5041;30;;;;;5039.5;159.83984375
0;20700;AMETHYSTS;9995;30;;;;;10005;30;;;;;10000.0;310.0
0;20800;AMETHYSTS;9996;2;9995;24;;;10004;2;10005;24;;;10000.0;310.0
0;20800;STARFRUIT;5034;26;;;;;5040;2;5041;24;;;5037.0;155.2265625
0;20900;AMETHYSTS;9996;2;9995;29;;;10004;2;10005;29;;;10000.0;310.0
0;20900;STARFRUIT;5034;31;;;;;5035;1;5041;31;;;5034.5;163.7890625
0;21000;STARFRUIT;5034;26;;;;;5041;26;;;;;5037.5;162.2265625
0;21000;AMETHYSTS;9996;1;9995;25;;;10004;1;10005;25;;;10000.0;310.0
0;21100;STARFRUIT;5034;28;;;;;5037;2;5041;28;;;5035.5;158.0703125
0;21100;AMETHYSTS;9995;28;;;;;10000;2;10005;28;;;9997.5;310.0
0;21200;STARFRUIT;5040;1;5034;29;;;5041;29;;;;;5040.5;165.40625
0;21200;AMETHYSTS;9995;29;;;;;9998;1;10005;29;;;9996.5;310.0
0;21300;AMETHYSTS;9995;22;;;;;10005;22;;;;;10000.0;312.0
0;21300;STARFRUIT;5034;22;;;;;5040;2;5042;22;;;5037.0;169.390625
0;21400;STARFRUIT;5035;1;5034;29;;;5041;30;;;;;5038.0;167.109375
0;21400;AMETHYSTS;9996;1;9995;29;;;10004;1;10005;29;;;10000.0;312.0
0;21500;STARFRUIT;5034;28;;;;;5035;5;5041;30;;;5034.5;167.234375
0;21500;AMETHYSTS;9996;2;9995;28;;;10004;2;10005;28;;;10000.0;312.0
0;21600;STARFRUIT;5035;22;;;;;5042;22;;;;;5038.5;174.703125
0;21600;AMETHYSTS;9998;5;9996;2;9995;20;10004;2;10005;20;;;10001.0;312.0
0;21700;AMETHYSTS;9996;2;9995;25;;;10004;2;10005;25;;;10000.0;312.0
0;21700;STARFRUIT;5035;6;5034;25;;;5041;2;5042;25;;;5038.0;168.875
0;21800;STARFRUIT;5035;26;;;;;5042;26;;;;;5038.5;181.796875
0;21800;AMETHYSTS;9996;1;9995;25;;;10004;1;10005;25;;;10000.0;312.0
0;21900;STARFRUIT;5035;27;;;;;5042;27;;;;;5038.5;180.984375
0;21900;AMETHYSTS;9995;27;;;;;10002;3;10005;27;;;9998.5;312.0
0;22000;STARFRUIT;5035;22;;;;;5042;22;;;;;5038.5;182.2421875
0;22000;AMETHYSTS;9996;2;9995;20;;;10004;2;10005;20;;;10000.0;312.0
0;22100;AMETHYSTS;9995;22;;;;;10005;22;;;;;10000.0;312.0
0;22100;STARFRUIT;5035;22;;;;;5040;4;5042;22;;;5037.5;176.96875
0;22200;STARFRUIT;5036;3;5035;23;;;5042;23;;;;;5039.0;186.8203125
0;22200;AMETHYSTS;10002;1;9995;23;;;10005;23;;;;;10003.5;312.0
0;22300;STARFRUIT;5036;30;;;;;5043;30;;;;;5039.5;195.9921875
0;22300;AMETHYSTS;9996;2;9995;28;;;10004;2;10005;28;;;10000.0;314.0
0;22400;STARFRUIT;5036;24;;;;;5043;24;;;;;5039.5;202.7421875
0;22400;AMETHYSTS;9996;1;9995;23;;;10002;2;10004;1;10005;23;9999.0;314.0
0;22500;AMETHYSTS;9998;2;9995;27;;;10005;27;;;;;10001.5;314.0
0;22500;STARFRUIT;5041;1;5036;27;;;5043;27;;;;;5042.0;191.65625
0;22600;STARFRUIT;5042;1;5041;4;5037;4;5043;26;;;;;5042.5;202.0625
0;22600;AMETHYSTS;9998;5;9996;1;9995;25;10004;1;10005;25;;;10001.0;314.0
0;22700;STARFRUIT;5036;26;;;;;5042;1;5043;25;;;5039.0;191.09375
0;22700;AMETHYSTS;9996;1;9995;25;;;10002;9;10004;1;10005;25;9999.0;314.0
0;22800;STARFRUIT;5036;27;;;;;5043;27;;;;;5039.5;195.1796875
0;22800;AMETHYSTS;10002;1;9996;1;9995;26;10004;1;10005;26;;;10003.0;314.0
0;22900;AMETHYSTS;10002;2;9996;1;9995;22;10004;1;10005;22;;;10003.0;316.0
0;22900;STARFRUIT;5036;23;;;;;5037;1;5041;4;5043;23;5036.5;201.7734375
0;23000;STARFRUIT;5042;1;5037;1;5036;20;5043;21;;;;;5042.5;204.6875
0;23000;AMETHYSTS;9996;1;9995;20;;;10002;2;10004;1;10005;20;9999.0;320.0
0;23100;STARFRUIT;5038;7;5037;28;;;5043;2;5044;26;;;5040.5;215.0
0;23100;AMETHYSTS;9996;2;9995;26;;;10004;2;10005;26;;;10000.0;320.0
0;23200;AMETHYSTS;9996;1;9995;24;;;10002;4;10004;1;10005;24;9999.0;320.0
0;23200;STARFRUIT;5037;2;5036;24;;;5043;25;;;;;5040.0;209.0078125
0;23300;AMETHYSTS;9996;2;9995;21;;;10004;2;10005;21;;;10000.0;320.0
0;23300;STARFRUIT;5037;2;5036;21;;;5043;2;5044;21;;;5040.0;210.59375
0;23400;STARFRUIT;5037;1;5036;29;;;5043;1;5044;29;;;5040.0;210.9140625
0;23400;AMETHYSTS;9996;1;9995;29;;;10004;1;10005;29;;;10000.0;320.0
0;23500;AMETHYSTS;9996;1;9995;30;;;10004;1;10005;30;;;10000.0;320.0
0;23500;STARFRUIT;5038;3;5037;31;;;5044;31;;;;;5041.0;216.609375
0;23600;AMETHYSTS;9996;2;9995;25;;;10004;2;10005;25;;;10000.0;320.0
0;23600;STARFRUIT;5037;1;5036;25;;;5043;27;;;;;5040.0;208.96875
0;23700;AMETHYSTS;9996;1;9995;20;;;10004;1;10005;20;;;10000.0;320.0
0;23700;STARFRUIT;5042;1;5037;21;;;5043;1;5044;20;;;5042.5;210.671875
0;23800;STARFRUIT;5037;22;;;;;5044;22;;;;;5040.5;211.015625
0;23800;AMETHYSTS;9995;22;;;;;10005;22;;;;;10000.0;320.0
0;23900;AMETHYSTS;9995;27;;;;;10005;27;;;;;10000.0;320.0
0;23900;STARFRUIT;5037;27;;;;;5044;27;;;;;5040.5;211.25
0;24000;AMETHYSTS;9995;29;;;;;10005;29;;;;;10000.0;320.0
0;24000;STARFRUIT;5038;6;5037;29;;;5044;29;;;;;5041.0;225.0390625
0;24100;AMETHYSTS;9996;2;9995;20;;;10004;2;10005;20;;;10000.0;320.0
0;24100;STARFRUIT;5037;22;;;;;5044;22;;;;;5040.5;223.6015625
0;24200;STARFRUIT;5038;24;;;;;5043;8;5044;1;5045;23;5040.5;232.859375
0;24200;AMETHYSTS;9996;1;9995;23;;;10002;7;10004;1;10005;23;9999.0;320.0
0;24300;AMETHYSTS;10002;1;9995;27;;;10005;27;;;;;10003.5;320.0
0;24300;STARFRUIT;5038;26;;;;;5043;5;5045;27;;;5040.5;231.5546875
0;24400;AMETHYSTS;9996;1;9995;28;;;10004;1;10005;28;;;10000.0;322.0
0;24400;STARFRUIT;5038;9;5037;28;;;5044;29;;;;;5041.0;226.59375
0;24500;AMETHYSTS;9996;2;9995;24;;;10002;10;10004;2;10005;24;9999.0;322.0
0;24500;STARFRUIT;5037;26;;;;;5044;26;;;;;5040.5;217.3125
0;24600;STARFRUIT;5038;2;5037;22;;;5044;24;;;;;5041.0;226.3359375
0;24600;AMETHYSTS;9996;2;9995;22;;;10002;10;10004;2;10005;22;9999.0;322.0
0;24700;AMETHYSTS;9996;2;9995;20;;;10004;2;10005;20;;;10000.0;322.0
0;24700;STARFRUIT;5037;22;;;;;5044;22;;;;;5040.5;220.796875
0;24800;AMETHYSTS;9995;28;;;;;10005;28;;;;;10000.0;322.0
0;24800;STARFRUIT;5037;28;;;;;5044;28;;;;;5040.5;220.78125
0;24900;AMETHYSTS;9998;7;9995;24;;;10005;24;;;;;10001.5;322.0
0;24900;STARFRUIT;5037;24;;;;;5044;24;;;;;5040.5;216.796875
0;25000;STARFRUIT;5037;28;;;;;5043;1;5044;27;;;5040.0;212.609375
0;25000;AMETHYSTS;10002;1;9996;1;9995;27;10004;1;10005;27;;;10003.0;322.0
0;25100;AMETHYSTS;9998;8;9996;1;9995;26;10004;1;10005;26;;;10001.0;324.0
0;25100;STARFRUIT;5036;27;;;;;5043;27;;;;;5039.5;205.2734375
0;25200;AMETHYSTS;9996;2;9995;24;;;10000;4;10004;2;10005;24;9998.0;324.0
0;25200;STARFRUIT;5037;6;5036;26;;;5039;4;5043;26;;;5038.0;204.78125
0;25300;STARFRUIT;5036;22;;;;;5042;1;5043;21;;;5039.0;192.3046875
0;25300;AMETHYSTS;9998;9;9996;1;9995;21;10004;1;10005;21;;;10001.0;324.0
0;25400;AMETHYSTS;10002;3;9996;2;9995;27;10004;2;10005;27;;;10003.0;324.0
0;25400;STARFRUIT;5035;29;;;;;5042;29;;;;;5038.5;185.265625
0;25500;AMETHYSTS;9996;1;9995;23;;;10004;1;10005;23;;;10000.0;330.0
0;25500;STARFRUIT;5036;1;5035;23;;;5040;6;5042;24;;;5038.0;188.0
0;25600;AMETHYSTS;9995;24;;;;;10005;24;;;;;10000.0;330.0
0;25600;STARFRUIT;5035;24;;;;;5040;6;5042;24;;;5037.5;180.5078125
0;25700;STARFRUIT;5036;1;5035;24;;;5042;1;5043;24;;;5039.0;190.2734375
0;25700;AMETHYSTS;9996;1;9995;24;;;10004;1;10005;24;;;10000.0;330.0
0;25800;AMETHYSTS;10002;1;9996;2;9995;27;10004;2;10005;27;;;10003.0;330.0
0;25800;STARFRUIT;5037;29;;;;;5043;2;5044;27;;;5040.0;210.515625
0;25900;AMETHYSTS;9996;2;9995;27;;;10004;2;10005;27;;;10000.0;332.0
0;25900;STARFRUIT;5037;29;;;;;5044;29;;;;;5040.5;217.515625
0;26000;AMETHYSTS;9995;27;;;;;10005;27;;;;;10000.0;334.0
0;26000;STARFRUIT;5042;1;5037;27;;;5044;27;;;;;5043.0;215.6640625
0;26100;STARFRUIT;5042;1;5038;2;5037;25;5043;1;5044;24;;;5042.5;216.0859375
0;26100;AMETHYSTS;10002;1;9998;3;9996;1;10004;1;10005;24;;;10003.0;334.0
0;26200;AMETHYSTS;10002;1;9996;2;9995;27;10004;2;10005;27;;;10003.0;336.0
0;26200;STARFRUIT;5037;29;;;;;5043;2;5044;27;;;5040.0;217.6796875
0;26300;AMETHYSTS;9996;1;9995;25;;;10002;1;10004;1;10005;25;9999.0;338.0
0;26300;STARFRUIT;5037;26;;;;;5038;1;5044;26;;;5037.5;227.2734375
0;26400;AMETHYSTS;9995;27;;;;;10005;27;;;;;10000.0;338.0
0;26400;STARFRUIT;5037;27;;;;;5044;27;;;;;5040.5;234.3046875
0;26500;STARFRUIT;5038;22;;;;;5044;1;5045;21;;;5041.0;238.6328125
0;26500;AMETHYSTS;9996;1;9995;21;;;10004;1;10005;21;;;10000.0;338.0
0;26600;AMETHYSTS;9996;2;9995;29;;;9998;4;10004;2;10005;29;9997.0;338.0
0;26600;STARFRUIT;5037;31;;;;;5044;31;;;;;5040.5;227.671875
0;26700;AMETHYSTS;9995;26;;;;;10005;26;;;;;10000.0;346.0
0;26700;STARFRUIT;5042;1;5038;8;5037;26;5044;26;;;;;5043.0;225.625
0;26800;AMETHYSTS;10002;1;9998;7;9995;20;10005;20;;;;;10003.5;346.0
0;26800;STARFRUIT;5037;20;;;;;5044;20;;;;;5040.5;229.515625
0;26900;STARFRUIT;5037;22;;;;;5044;22;;;;;5040.5;230.984375
0;26900;AMETHYSTS;9995;22;;;;;10005;22;;;;;10000.0;348.0
0;27000;AMETHYSTS;9998;2;9996;1;9995;26;10004;1;10005;26;;;10001.0;348.0
0;27000;STARFRUIT;5037;27;;;;;5042;6;5044;27;;;5039.5;225.4375
0;27100;AMETHYSTS;9996;2;9995;27;;;9998;1;10002;10;10004;2;9997.0;348.0
0;27100;STARFRUIT;5043;1;5037;29;;;5044;29;;;;;5043.5;230.4296875
0;27200;AMETHYSTS;9998;3;9996;2;9995;23;10004;2;10005;23;;;10001.0;350.0
0;27200;STARFRUIT;5042;1;5038;7;5037;25;5043;2;5044;23;;;5042.5;226.3125
0;27300;STARFRUIT;5037;25;;;;;5038;1;5044;25;;;5037.5;236.828125
0;27300;AMETHYSTS;9995;25;;;;;10002;8;10005;25;;;9998.5;350.0
0;27400;AMETHYSTS;9996;1;9995;22;;;9998;3;10004;1;10005;22;9997.0;350.0
0;27400;STARFRUIT;5041;6;5039;1;5038;22;5045;23;;;;;5043.0;253.3828125
0;27500;AMETHYSTS;9995;30;;;;;10005;30;;;;;10000.0;356.0
0;27500;STARFRUIT;5038;30;;;;;5045;30;;;;;5041.5;250.609375
0;27600;AMETHYSTS;9996;2;9995;26;;;10002;4;10004;2;10005;26;9999.0;356.0
0;27600;STARFRUIT;5043;1;5039;6;5038;28;5045;28;;;;;5044.0;247.2734375
0;27700;STARFRUIT;5038;32;;;;;5045;32;;;;;5041.5;250.265625
0;27700;AMETHYSTS;9996;2;9995;30;;;10004;2;10005;30;;;10000.0;356.0
0;27800;AMETHYSTS;9998;2;9996;2;9995;20;10004;2;10005;20;;;10001.0;356.0
0;27800;STARFRUIT;5039;5;5038;22;;;5044;2;5045;20;;;5041.5;243.7265625
0;27900;AMETHYSTS;9995;29;;;;;10005;29;;;;;10000.0;356.0
0;27900;STARFRUIT;5038;29;;;;;5043;8;5045;29;;;5040.5;252.703125
0;28000;AMETHYSTS;9995;22;;;;;10005;22;;;;;10000.0;356.0
0;28000;STARFRUIT;5039;4;5038;22;;;5045;22;;;;;5042.0;249.8828125
0;28100;STARFRUIT;5039;21;;;;;5046;21;;;;;5042.5;263.6640625
0;28100;AMETHYSTS;9996;1;9995;20;;;10004;1;10005;20;;;10000.0;356.0
0;28200;AMETHYSTS;9995;23;;;;;10005;23;;;;;10000.0;359.0
0;28200;STARFRUIT;5039;23;;;;;5046;23;;;;;5042.5;262.671875
0;28300;AMETHYSTS;9996;2;9995;28;;;10004;2;10005;28;;;10000.0;359.0
0;28300;STARFRUIT;5039;30;;;;;5045;2;5046;28;;;5042.0;260.0859375
0;28400;AMETHYSTS;9995;20;;;;;10002;8;10005;20;;;9998.5;359.0
0;28400;STARFRUIT;5039;20;;;;;5046;20;;;;;5042.5;262.078125
0;28500;STARFRUIT;5039;5;5038;28;;;5045;30;;;;;5042.0;256.015625
0;28500;AMETHYSTS;9996;2;9995;28;;;10004;2;10005;28;;;10000.0;359.0
0;28600;AMETHYSTS;9996;2;9995;26;;;10000;5;10002;5;10004;2;9998.0;359.0
0;28600;STARFRUIT;5039;27;;;;;5042;5;5045;2;5046;26;5040.5;259.6953125
0;28700;AMETHYSTS;9998;8;9996;2;9995;22;10004;2;10005;22;;;10001.0;359.0
0;28700;STARFRUIT;5039;23;;;;;5045;2;5046;22;;;5042.0;259.828125
0;28800;AMETHYSTS;9995;21;;;;;10002;8;10005;21;;;9998.5;359.0
0;28800;STARFRUIT;5038;21;;;;;5046;21;;;;;5042.0;257.78125
0;28900;STARFRUIT;5040;1;5039;23;;;5045;1;5046;22;;;5042.5;260.5546875
0;28900;AMETHYSTS;9996;1;9995;22;;;10002;5;10004;1;10005;22;9999.0;359.0
0;29000;AMETHYSTS;10002;1;9996;2;9995;24;10004;2;10005;24;;;10003.0;359.0
0;29000;STARFRUIT;5039;26;;;;;5045;2;5046;24;;;5042.0;260.9453125
0;29100;AMETHYSTS;9995;23;;;;;10002;2;10005;23;;;9998.5;361.0
0;29100;STARFRUIT;5039;23;;;;;5046;23;;;;;5042.5;260.1796875
0;29200;AMETHYSTS;9996;1;9995;22;;;10004;1;10005;22;;;10000.0;361.0
0;29200;STARFRUIT;5040;1;5039;22;;;5046;23;;;;;5043.0;271.09375
0;29300;STARFRUIT;5040;23;;;;;5046;1;5047;22;;;5043.0;275.3515625
0;29300;AMETHYSTS;9996;1;9995;22;;;10004;1;10005;22;;;10000.0;361.0
0;29400;AMETHYSTS;9996;2;9995;23;;;10002;4;10004;2;10005;23;9999.0;361.0
0;29400;STARFRUIT;5039;25;;;;;5046;25;;;;;5042.5;267.421875
0;29500;AMETHYSTS;9998;6;9995;20;;;10005;20;;;;;10001.5;361.0
0;29500;STARFRUIT;5039;20;;;;;5040;1;5046;20;;;5039.5;270.984375
0;29600;AMETHYSTS;9996;1;9995;26;;;10000;4;10004;1;10005;26;9998.0;361.0
0;29600;STARFRUIT;5040;1;5039;26;;;5042;4;5046;27;;;5041.0;273.0078125
0;29700;STARFRUIT;5040;23;;;;;5045;8;5046;1;5047;22;5042.5;276.453125
0;29700;AMETHYSTS;9996;1;9995;22;;;10002;7;10004;1;10005;22;9999.0;361.0
0;29800;STARFRUIT;5045;1;5040;4;5039;25;5047;25;;;;;5046.0;275.9140625
0;29800;AMETHYSTS;9995;25;;;;;10005;25;;;;;10000.0;361.0
0;29900;AMETHYSTS;9996;2;9995;30;;;10004;2;10005;30;;;10000.0;366.0
0;29900;STARFRUIT;5040;32;;;;;5047;32;;;;;5043.5;286.8828125
0;30000;STARFRUIT;5041;6;5040;23;;;5047;25;;;;;5044.0;308.0
0;30000;AMETHYSTS;9998;10;9996;2;9995;23;10004;2;10005;23;;;10001.0;366.0
0;30100;STARFRUIT;5041;1;5040;20;;;5047;21;;;;;5044.0;308.0
0;30100;AMETHYSTS;9996;1;9995;20;;;10004;1;10005;20;;;10000.0;366.0
0;30200;STARFRUIT;5041;30;;;;;5048;30;;;;;5044.5;308.0
0;30200;AMETHYSTS;9996;2;9995;28;;;9998;1;10002;8;10004;2;9997.0;366.0
0;30300;AMETHYSTS;10002;4;9996;2;9995;29;10004;2;10005;29;;;10003.0;368.0
0;30300;STARFRUIT;5041;31;;;;;5046;1;5047;2;5048;29;5043.5;308.0
0;30400;STARFRUIT;5045;2;5040;30;;;5047;30;;;;;5046.0;308.0
0;30400;AMETHYSTS;9995;30;;;;;10005;30;;;;;10000.0;376.0
0;30500;STARFRUIT;5040;7;5039;28;;;5046;30;;;;;5043.0;312.1796875
0;30500;AMETHYSTS;9996;2;9995;28;;;10004;2;10005;28;;;10000.0;376.0
0;30600;STARFRUIT;5040;32;;;;;5045;7;5046;2;5047;30;5042.5;311.84375
0;30600;AMETHYSTS;10002;1;9996;2;9995;30;10004;2;10005;30;;;10003.0;376.0
0;30700;AMETHYSTS;9996;2;9995;27;;;10004;2;10005;27;;;10000.0;378.0
0;30700;STARFRUIT;5039;29;;;;;5046;29;;;;;5042.5;312.6162109375
0;30800;STARFRUIT;5039;2;5038;29;;;5045;31;;;;;5042.0;314.08984375
0;30800;AMETHYSTS;9998;8;9996;2;9995;29;10004;2;10005;29;;;10001.0;378.0
0;30900;STARFRUIT;5038;21;;;;;5043;7;5045;21;;;5040.5;314.21875
0;30900;AMETHYSTS;9995;21;;;;;10005;21;;;;;10000.0;378.0
0;31000;STARFRUIT;5043;1;5042;5;5038;28;5045;28;;;;;5044.0;315.3134765625
0;31000;AMETHYSTS;9996;2;9995;26;;;10002;2;10004;2;10005;26;9999.0;378.0
0;31100;AMETHYSTS;10002;1;9995;23;;;10005;23;;;;;10003.5;379.0
0;31100;STARFRUIT;5038;23;;;;;5039;9;5045;23;;;5038.5;316.7373046875
0;31200;STARFRUIT;5037;21;;;;;5042;8;5044;22;;;5039.5;335.30859375
0;31200;AMETHYSTS;9996;1;9995;21;;;10002;6;10004;1;10005;21;9999.0;381.0
0;31300;STARFRUIT;5038;22;;;;;5044;2;5045;20;;;5041.0;336.55078125
0;31300;AMETHYSTS;9996;2;9995;20;;;10004;2;10005;20;;;10000.0;393.0
0;31400;STARFRUIT;5038;22;;;;;5045;22;;;;;5041.5;338.37890625
0;31400;AMETHYSTS;9995;22;;;;;10005;22;;;;;10000.0;393.0
0;31500;AMETHYSTS;9996;1;9995;21;;;10004;1;10005;21;;;10000.0;393.0
0;31500;STARFRUIT;5038;22;;;;;5045;22;;;;;5041.5;338.537109375
0;31600;STARFRUIT;5039;24;;;;;5046;24;;;;;5042.5;343.646484375
0;31600;AMETHYSTS;9995;24;;;;;9998;3;10005;24;;;9996.5;393.0
0;31700;STARFRUIT;5038;29;;;;;5045;29;;;;;5041.5;340.763671875
0;31700;AMETHYSTS;9995;29;;;;;10002;3;10005;29;;;9998.5;399.0
0;31800;STARFRUIT;5043;2;5038;24;;;5045;24;;;;;5044.0;339.19921875
0;31800;AMETHYSTS;9996;2;9995;22;;;10002;2;10004;2;10005;22;9999.0;402.0
0;31900;AMETHYSTS;9996;2;9995;26;;;10004;2;10005;26;;;10000.0;402.0
0;31900;STARFRUIT;5039;6;5038;28;;;5045;28;;;;;5042.0;342.462890625
0;32000;STARFRUIT;5038;22;;;;;5045;22;;;;;5041.5;341.33984375
0;32000;AMETHYSTS;9996;2;9995;20;;;10002;10;10004;2;10005;20;9999.0;402.0
0;32100;AMETHYSTS;9998;9;9995;25;;;10005;25;;;;;10001.5;402.0
0;32100;STARFRUIT;5037;25;;;;;5044;25;;;;;5040.5;339.115234375
0;32200;AMETHYSTS;9996;1;9995;24;;;10002;5;10004;1;10005;24;9999.0;404.0
0;32200;STARFRUIT;5037;25;;;;;5044;25;;;;;5040.5;338.416015625
0;32300;AMETHYSTS;10000;3;9996;2;9995;30;10004;2;10005;30;;;10002.0;404.0
0;32300;STARFRUIT;5040;3;5038;2;5037;30;5044;32;;;;;5042.0;339.505859375
0;32400;STARFRUIT;5037;29;;;;;5044;29;;;;;5040.5;338.265625
0;32400;AMETHYSTS;9998;2;9995;29;;;10005;29;;;;;10001.5;404.0
0;32500;AMETHYSTS;10002;1;9996;2;9995;24;10004;2;10005;24;;;10003.0;404.0
0;32500;STARFRUIT;5038;1;5037;26;;;5043;2;5044;24;;;5040.5;336.16796875
0;32600;AMETHYSTS;9998;1;9996;2;9995;26;10004;2;10005;26;;;10001.0;406.0
0;32600;STARFRUIT;5037;28;;;;;5044;28;;;;;5040.5;351.736328125
0;32700;AMETHYSTS;9996;2;9995;30;;;10004;2;10005;30;;;10000.0;406.0
0;32700;STARFRUIT;5038;32;;;;;5044;2;5045;30;;;5041.0;348.318359375
0;32800;STARFRUIT;5038;29;;;;;5045;29;;;;;5041.5;347.708984375
0;32800;AMETHYSTS;9995;29;;;;;10005;29;;;;;10000.0;406.0
0;32900;AMETHYSTS;9996;1;9995;20;;;10002;10;10004;1;10005;20;9999.0;406.0
0;32900;STARFRUIT;5038;1;5037;20;;;5044;21;;;;;5041.0;349.99609375
0;33000;AMETHYSTS;9998;2;9995;28;;;10005;28;;;;;10001.5;406.0
0;33000;STARFRUIT;5037;28;;;;;5042;4;5044;28;;;5039.5;349.244140625
0;33100;AMETHYSTS;9996;1;9995;25;;;10004;1;10005;25;;;10000.0;406.0
0;33100;STARFRUIT;5037;26;;;;;5044;26;;;;;5040.5;350.296875
0;33200;STARFRUIT;5038;24;;;;;5043;5;5044;1;5045;23;5040.5;348.025390625
0;33200;AMETHYSTS;9996;1;9995;23;;;10004;1;10005;23;;;10000.0;406.0
0;33300;AMETHYSTS;9996;1;9995;30;;;10002;1;10004;1;10005;30;9999.0;406.0
0;33300;STARFRUIT;5038;31;;;;;5045;31;;;;;5041.5;347.03515625
0;33400;AMETHYSTS;9995;20;;;;;10005;20;;;;;10000.0;406.0
0;33400;STARFRUIT;5037;20;;;;;5042;2;5044;20;;;5039.5;349.6171875
0;33500;AMETHYSTS;9996;2;9995;21;;;10002;4;10004;2;10005;21;9999.0;406.0
0;33500;STARFRUIT;5038;2;5037;21;;;5044;23;;;;;5041.0;349.4609375
0;33600;STARFRUIT;5037;27;;;;;5044;27;;;;;5040.5;353.2890625
0;33600;AMETHYSTS;9995;27;;;;;9998;2;10005;27;;;9996.5;406.0
0;33700;AMETHYSTS;9996;1;9995;25;;;10004;1;10005;25;;;10000.0;410.0
0;33700;STARFRUIT;5037;1;5036;25;;;5041;6;5043;26;;;5039.0;355.005859375
0;33800;AMETHYSTS;9995;21;;;;;10002;4;10005;21;;;9998.5;410.0
0;33800;STARFRUIT;5036;21;;;;;5043;21;;;;;5039.5;357.421875
0;33900;AMETHYSTS;9996;1;9995;27;;;10004;1;10005;27;;;10000.0;410.0
0;33900;STARFRUIT;5035;28;;;;;5042;28;;;;;5038.5;360.306640625
0;34000;STARFRUIT;5041;1;5036;2;5035;28;5042;30;;;;;5041.5;359.47265625
0;34000;AMETHYSTS;9996;2;9995;28;;;10004;2;10005;28;;;10000.0;410.0
0;34100;AMETHYSTS;9996;2;9995;25;;;10004;2;10005;25;;;10000.0;410.0
0;34100;STARFRUIT;5036;2;5035;25;;;5042;27;;;;;5039.0;362.1953125
0;34200;AMETHYSTS;9996;2;9995;30;;;10002;2;10004;2;10005;30;9999.0;410.0
0;34200;STARFRUIT;5036;32;;;;;5043;32;;;;;5039.5;356.447265625
0;34300;STARFRUIT;5036;28;;;;;5043;29;;;;;5039.5;358.3125
0;34300;AMETHYSTS;9996;1;9995;28;;;10004;1;10005;28;;;10000.0;410.0
0;34400;AMETHYSTS;9996;2;9995;28;;;10004;2;10005;28;;;10000.0;410.0
0;34400;STARFRUIT;5036;30;;;;;5043;30;;;;;5039.5;357.359375
0;34500;AMETHYSTS;9996;2;9995;22;;;10004;2;10005;22;;;10000.0;410.0
0;34500;STARFRUIT;5037;24;;;;;5044;24;;;;;5040.5;352.626953125
0;34600;AMETHYSTS;9995;24;;;;;10005;24;;;;;10000.0;410.0
0;34600;STARFRUIT;5037;24;;;;;5044;24;;;;;5040.5;354.80078125
0;34700;STARFRUIT;5037;7;5036;25;;;5043;25;;;;;5040.0;357.1953125
0;34700;AMETHYSTS;9996;2;9995;23;;;10004;2;10005;23;;;10000.0;410.0
0;34800;AMETHYSTS;9998;3;9996;2;9995;22;10004;2;10005;22;;;10001.0;410.0
0;34800;STARFRUIT;5036;22;;;;;5037;8;5043;24;;;5036.5;356.1015625
0;34900;AMETHYSTS;9995;24;;;;;10005;24;;;;;10000.0;410.0
0;34900;STARFRUIT;5037;24;;;;;5044;24;;;;;5040.5;379.7685546875
0;35000;AMETHYSTS;9995;29;;;;;10005;29;;;;;10000.0;410.0
0;35000;STARFRUIT;5037;29;;;;;5044;29;;;;;5040.5;379.8046875
0;35100;STARFRUIT;5037;23;;;;;5044;23;;;;;5040.5;379.55859375
0;35100;AMETHYSTS;9996;2;9995;21;;;10004;2;10005;21;;;10000.0;410.0
0;35200;AMETHYSTS;9995;24;;;;;10005;24;;;;;10000.0;410.0
0;35200;STARFRUIT;5037;24;;;;;5042;3;5044;24;;;5039.5;380.0078125
0;35300;AMETHYSTS;9998;8;9996;1;9995;22;10004;1;10005;22;;;10001.0;410.0
0;35300;STARFRUIT;5038;8;5037;23;;;5044;23;;;;;5041.0;379.7353515625
0;35400;AMETHYSTS;10002;1;9996;2;9995;25;10004;2;10005;25;;;10003.0;410.0
0;35400;STARFRUIT;5037;27;;;;;5044;27;;;;;5040.5;380.5146484375
0;35500;STARFRUIT;5037;29;;;;;5044;29;;;;;5040.5;379.7119140625
0;35500;AMETHYSTS;9996;2;9995;27;;;10004;2;10005;27;;;10000.0;414.0
0;35600;AMETHYSTS;9996;1;9995;23;;;10002;3;10004;1;10005;23;9999.0;414.0
0;35600;STARFRUIT;5038;1;5037;23;;;5044;24;;;;;5041.0;380.646484375
0;35700;AMETHYSTS;9996;2;9995;29;;;10002;9;10004;2;10005;29;9999.0;414.0
0;35700;STARFRUIT;5037;31;;;;;5044;31;;;;;5040.5;380.5166015625
0;35800;AMETHYSTS;9996;2;9995;21;;;10004;2;10005;21;;;10000.0;414.0
0;35800;STARFRUIT;5037;8;5036;21;;;5043;2;5044;21;;;5040.0;400.99609375
0;35900;STARFRUIT;5036;30;;;;;5043;30;;;;;5039.5;406.96484375
0;35900;AMETHYSTS;9996;2;9995;28;;;10004;2;10005;28;;;10000.0;414.0
0;36000;AMETHYSTS;9995;30;;;;;10000;2;10002;9;10005;30;9997.5;414.0
0;36000;STARFRUIT;5036;30;;;;;5039;2;5041;2;5043;30;5037.5;406.984375
0;36100;AMETHYSTS;9998;7;9996;2;9995;21;10004;2;10005;21;;;10001.0;414.0
0;36100;STARFRUIT;5036;23;;;;;5041;6;5043;23;;;5038.5;406.08984375
0;36200;AMETHYSTS;9998;5;9996;1;9995;29;10004;1;10005;29;;;10001.0;414.0
0;36200;STARFRUIT;5036;1;5035;29;;;5042;30;;;;;5039.0;411.4375
0;36300;STARFRUIT;5035;31;;;;;5042;31;;;;;5038.5;412.21484375
0;36300;AMETHYSTS;9996;1;9995;30;;;10004;1;10005;30;;;10000.0;414.0
0;36400;AMETHYSTS;9996;1;9995;28;;;10002;8;10004;1;10005;28;9999.0;414.0
0;36400;STARFRUIT;5036;2;5035;28;;;5042;29;;;;;5039.0;411.2734375
0;36500;AMETHYSTS;9996;2;9995;27;;;10004;2;10005;27;;;10000.0;414.0
0;36500;STARFRUIT;5035;28;;;;;5042;29;;;;;5038.5;414.42578125
0;36600;AMETHYSTS;9996;1;9995;30;;;10000;2;10004;1;10005;30;9998.0;414.0
0;36600;STARFRUIT;5035;31;;;;;5038;2;5042;31;;;5036.5;416.765625
0;36700;STARFRUIT;5035;22;;;;;5042;22;;;;;5038.5;414.96484375
0;36700;AMETHYSTS;10002;1;9996;1;9995;21;10004;1;10005;21;;;10003.0;414.0
0;36800;AMETHYSTS;9996;2;9995;23;;;10004;2;10005;23;;;10000.0;416.0
0;36800;STARFRUIT;5035;25;;;;;5042;25;;;;;5038.5;412.640625
0;36900;AMETHYSTS;9998;6;9995;22;;;10005;22;;;;;10001.5;416.0
0;36900;STARFRUIT;5035;22;;;;;5042;22;;;;;5038.5;412.78125
0;37000;AMETHYSTS;9996;2;9995;20;;;10004;2;10005;20;;;10000.0;416.0
0;37000;STARFRUIT;5036;2;5035;20;;;5042;22;;;;;5039.0;411.640625
0;37100;STARFRUIT;5039;5;5036;24;;;5043;24;;;;;5041.0;409.4765625
0;37100;AMETHYSTS;10000;5;9995;24;;;10005;24;;;;;10002.5;416.0
0;37200;AMETHYSTS;9996;2;9995;27;;;10004;2;10005;27;;;10000.0;416.0
0;37200;STARFRUIT;5037;2;5036;27;;;5043;29;;;;;5040.0;401.88671875
0;37300;AMETHYSTS;9996;1;9995;22;;;10004;1;10005;22;;;10000.0;416.0
0;37300;STARFRUIT;5037;23;;;;;5042;4;5044;23;;;5039.5;396.1328125
0;37400;AMETHYSTS;9995;22;;;;;10005;22;;;;;10000.0;419.0
0;37400;STARFRUIT;5038;4;5037;22;;;5044;22;;;;;5041.0;393.1953125
0;37500;STARFRUIT;5040;5;5037;31;;;5044;31;;;;;5042.0;394.1484375
0;37500;AMETHYSTS;10000;5;9996;1;9995;30;10004;1;10005;30;;;10002.0;419.0
0;37600;AMETHYSTS;9996;1;9995;24;;;10004;1;10005;24;;;10000.0;419.0
0;37600;STARFRUIT;5037;25;;;;;5042;5;5044;25;;;5039.5;396.51171875
0;37700;AMETHYSTS;10002;1;9995;20;;;10005;20;;;;;10003.5;419.0
0;37700;STARFRUIT;5037;20;;;;;5044;20;;;;;5040.5;410.0
0;37800;AMETHYSTS;9996;2;9995;23;;;10004;2;10005;23;;;10000.0;421.0
0;37800;STARFRUIT;5037;25;;;;;5043;2;5044;23;;;5040.0;410.0
0;37900;STARFRUIT;5038;29;;;;;5044;2;5045;27;;;5041.0;410.0
0;37900;AMETHYSTS;9996;2;9995;27;;;10004;2;10005;27;;;10000.0;421.0
0;38000;AMETHYSTS;9998;3;9995;30;;;10005;30;;;;;10001.5;421.0
0;38000;STARFRUIT;5038;30;;;;;5045;30;;;;;5041.5;410.0
0;38100;AMETHYSTS;9998;4;9996;1;9995;28;10004;1;10005;28;;;10001.0;421.0
0;38100;STARFRUIT;5038;29;;;;;5043;4;5045;29;;;5040.5;410.0
0;38200;AMETHYSTS;9998;4;9996;2;9995;29;10004;2;10005;29;;;10001.0;421.0
0;38200;STARFRUIT;5039;2;5038;29;;;5045;31;;;;;5042.0;410.0
0;38300;STARFRUIT;5040;5;5039;22;;;5046;22;;;;;5043.0;410.0
0;38300;AMETHYSTS;9995;22;;;;;10005;22;;;;;10000.0;421.0
0;38400;AMETHYSTS;9996;2;9995;29;;;10004;2;10005;29;;;10000.0;421.0
0;38400;STARFRUIT;5039;31;;;;;5040;4;5046;31;;;5039.5;410.0
0;38500;AMETHYSTS;9996;2;9995;22;;;10004;2;10005;22;;;10000.0;421.0
0;38500;STARFRUIT;5038;24;;;;;5045;24;;;;;5041.5;416.2421875
0;38600;STARFRUIT;5038;31;;;;;5044;2;5045;29;;;5041.0;414.85546875
0;38600;AMETHYSTS;10002;1;9996;2;9995;29;10004;2;10005;29;;;10003.0;421.0
0;38700;STARFRUIT;5038;1;5037;20;;;5044;22;;;;;5041.0;413.27734375
0;38700;AMETHYSTS;9996;2;9995;20;;;10004;2;10005;20;;;10000.0;423.0
0;38800;STARFRUIT;5038;27;;;;;5043;2;5044;2;5045;25;5040.5;414.841796875
0;38800;AMETHYSTS;9996;2;9995;25;;;10004;2;10005;25;;;10000.0;423.0
0;38900;AMETHYSTS;9996;2;9995;23;;;10004;2;10005;23;;;10000.0;423.0
0;38900;STARFRUIT;5038;25;;;;;5045;25;;;;;5041.5;415.720703125
0;39000;STARFRUIT;5039;1;5038;23;;;5041;3;5044;6;5045;1;5040.0;417.9375
0;39000;AMETHYSTS;9996;1;9995;23;;;10000;3;10004;1;10005;23;9998.0;423.0
0;39100;STARFRUIT;5039;8;5038;30;;;5045;30;;;;;5042.0;417.005859375
0;39100;AMETHYSTS;9996;2;9995;28;;;9998;3;10004;2;10005;28;9997.0;423.0
0;39200;STARFRUIT;5039;5;5038;21;;;5041;4;5045;21;;;5040.0;418.705078125
0;39200;AMETHYSTS;9995;21;;;;;10000;4;10005;21;;;9997.5;429.0
0;39300;AMETHYSTS;9995;24;;;;;10005;24;;;;;10000.0;431.0
0;39300;STARFRUIT;5038;24;;;;;5045;24;;;;;5041.5;417.51953125
0;39400;STARFRUIT;5038;21;;;;;5045;21;;;;;5041.5;416.4951171875
0;39400;AMETHYSTS;9995;21;;;;;10005;21;;;;;10000.0;431.0
0;39500;STARFRUIT;5038;29;;;;;5043;3;5045;29;;;5040.5;417.125
0;39500;AMETHYSTS;9995;29;;;;;10005;29;;;;;10000.0;431.0
0;39600;STARFRUIT;5038;31;;;;;5045;31;;;;;5041.5;417.287109375
0;39600;AMETHYSTS;9996;1;9995;30;;;10004;1;10005;30;;;10000.0;431.0
0;39700;AMETHYSTS;9996;1;9995;29;;;10000;6;10004;1;10005;29;9998.0;431.0
0;39700;STARFRUIT;5038;29;;;;;5041;6;5045;30;;;5039.5;418.564453125
0;39800;STARFRUIT;5038;24;;;;;5044;2;5045;22;;;5041.0;416.60546875
0;39800;AMETHYSTS;9996;2;9995;22;;;9998;1;10004;2;10005;22;9997.0;431.0
0;39900;STARFRUIT;5038;29;;;;;5043;7;5045;29;;;5040.5;417.02734375
0;39900;AMETHYSTS;9998;10;9996;1;9995;28;10004;1;10005;28;;;10001.0;433.0
0;40000;STARFRUIT;5037;26;;;;;5044;26;;;;;5040.5;414.85546875
0;40000;AMETHYSTS;10002;11;9996;1;9995;25;10004;1;10005;25;;;10003.0;433.0
0;40100;AMETHYSTS;9995;30;;;;;10005;30;;;;;10000.0;455.0
0;40100;STARFRUIT;5037;30;;;;;5042;4;5044;30;;;5039.5;414.5078125
0;40200;STARFRUIT;5037;25;;;;;5044;25;;;;;5040.5;413.974609375
0;40200;AMETHYSTS;9996;1;9995;24;;;10002;7;10004;1;10005;24;9999.0;455.0
0;40300;STARFRUIT;5037;1;5036;29;;;5043;30;;;;;5040.0;425.3134765625
0;40300;AMETHYSTS;10002;4;9996;1;9995;29;10004;1;10005;29;;;10003.0;455.0
0;40400;STARFRUIT;5037;25;;;;;5043;2;5044;23;;;5040.0;424.400390625
0;40400;AMETHYSTS;9996;2;9995;23;;;10004;2;10005;23;;;10000.0;463.0
0;40500;AMETHYSTS;9996;1;9995;21;;;10004;1;10005;21;;;10000.0;463.0
0;40500;STARFRUIT;5037;22;;;;;5044;22;;;;;5040.5;423.9921875
0;40600;STARFRUIT;5037;28;;;;;5045;28;;;;;5041.0;421.98046875
0;40600;AMETHYSTS;10002;1;9995;28;;;10005;28;;;;;10003.5;463.0
0;40700;STARFRUIT;5044;1;5039;6;5038;30;5045;30;;;;;5044.5;420.4619140625
0;40700;AMETHYSTS;9998;10;9996;1;9995;29;10004;1;10005;29;;;10001.0;465.0
0;40800;STARFRUIT;5038;21;;;;;5045;21;;;;;5041.5;422.53125
0;40800;AMETHYSTS;9995;21;;;;;10005;21;;;;;10000.0;465.0
0;40900;AMETHYSTS;9998;2;9995;25;;;10005;25;;;;;10001.5;465.0
0;40900;STARFRUIT;5040;3;5039;25;;;5046;25;;;;;5043.0;419.921875
0;41000;STARFRUIT;5039;21;;;;;5042;2;5044;7;5045;1;5040.5;420.107421875
0;41000;AMETHYSTS;9998;10;9996;1;9995;20;10000;2;10004;1;10005;20;9999.0;465.0
0;41100;AMETHYSTS;9996;2;9995;23;;;10004;2;10005;23;;;10000.0;465.0
0;41100;STARFRUIT;5038;25;;;;;5045;25;;;;;5041.5;422.259765625
0;41200;AMETHYSTS;9995;20;;;;;10005;20;;;;;10000.0;465.0
0;41200;STARFRUIT;5038;20;;;;;5046;20;;;;;5042.0;421.08984375
0;41300;AMETHYSTS;9995;27;;;;;10005;27;;;;;10000.0;465.0
0;41300;STARFRUIT;5039;8;5038;27;;;5045;27;;;;;5042.0;422.185546875
0;41400;STARFRUIT;5039;30;;;;;5046;30;;;;;5042.5;419.427734375
0;41400;AMETHYSTS;9996;1;9995;29;;;10004;1;10005;29;;;10000.0;465.0
0;41500;AMETHYSTS;9996;2;9995;29;;;10004;2;10005;29;;;10000.0;465.0
0;41500;STARFRUIT;5039;9;5038;29;;;5045;31;;;;;5042.0;421.2421875
0;41600;AMETHYSTS;9995;26;;;;;10005;26;;;;;10000.0;465.0
0;41600;STARFRUIT;5038;26;;;;;5045;26;;;;;5041.5;421.9296875
0;41700;AMETHYSTS;9995;23;;;;;10005;23;;;;;10000.0;465.0
0;41700;STARFRUIT;5042;2;5038;23;;;5045;23;;;;;5043.5;423.482421875
0;41800;STARFRUIT;5038;21;;;;;5044;1;5045;21;;;5041.0;424.39453125
0;41800;AMETHYSTS;9996;1;9995;21;;;10004;1;10005;21;;;10000.0;465.0
0;41900;AMETHYSTS;9995;28;;;;;10002;8;10005;28;;;9998.5;465.0
0;41900;STARFRUIT;5038;28;;;;;5045;28;;;;;5041.5;423.357421875
0;42000;AMETHYSTS;9996;1;9995;27;;;9998;1;10004;1;10005;27;9997.0;465.0
0;42000;STARFRUIT;5038;1;5037;27;;;5044;28;;;;;5041.0;425.234375
0;42100;AMETHYSTS;10002;2;9995;22;;;10005;22;;;;;10003.5;467.0
0;42100;STARFRUIT;5039;7;5038;22;;;5045;22;;;;;5042.0;424.23828125
0;42200;STARFRUIT;5038;22;;;;;5045;22;;;;;5041.5;421.435546875
0;42200;AMETHYSTS;9995;22;;;;;10005;22;;;;;10000.0;471.0
0;42300;AMETHYSTS;9996;2;9995;20;;;10004;2;10005;20;;;10000.0;471.0
0;42300;STARFRUIT;5039;22;;;;;5045;2;5046;20;;;5042.0;420.4609375
0;42400;AMETHYSTS;9996;2;9995;26;;;10002;2;10004;2;10005;26;9999.0;471.0
0;42400;STARFRUIT;5038;28;;;;;5045;28;;;;;5041.5;422.978515625
0;42500;AMETHYSTS;9995;24;;;;;10005;24;;;;;10000.0;472.0
0;42500;STARFRUIT;5038;24;;;;;5043;2;5045;24;;;5040.5;424.662109375
0;42600;STARFRUIT;5043;1;5038;28;;;5045;28;;;;;5044.0;425.365234375
0;42600;AMETHYSTS;9995;28;;;;;10005;28;;;;;10000.0;472.0
0;42700;AMETHYSTS;9996;1;9995;23;;;10004;1;10005;23;;;10000.0;472.0
0;42700;STARFRUIT;5038;24;;;;;5044;1;5045;23;;;5041.0;427.216796875
0;42800;AMETHYSTS;9995;29;;;;;10000;2;10005;29;;;9997.5;472.0
0;42800;STARFRUIT;5038;29;;;;;5041;2;5045;29;;;5039.5;427.029296875
0;42900;AMETHYSTS;10002;5;9995;20;;;10005;20;;;;;10003.5;472.0
0;42900;STARFRUIT;5038;20;;;;;5045;20;;;;;5041.5;426.56640625
0;43000;STARFRUIT;5038;27;;;;;5045;27;;;;;5041.5;426.689453125
0;43000;AMETHYSTS;9996;1;9995;26;;;10002;6;10004;1;10005;26;9999.0;482.0
0;43100;AMETHYSTS;9998;9;9996;1;9995;24;10004;1;10005;24;;;10001.0;482.0
0;43100;STARFRUIT;5038;25;;;;;5045;25;;;;;5041.5;425.654296875
0;43200;AMETHYSTS;9996;2;9995;29;;;10002;5;10004;2;10005;29;9999.0;482.0
0;43200;STARFRUIT;5038;31;;;;;5045;31;;;;;5041.5;426.236328125
0;43300;STARFRUIT;5043;1;5037;20;;;5044;20;;;;;5043.5;429.337890625
0;43300;AMETHYSTS;9998;10;9995;20;;;10005;20;;;;;10001.5;485.0
0;43400;AMETHYSTS;9996;2;9995;22;;;10004;2;10005;22;;;10000.0;485.0
0;43400;STARFRUIT;5037;24;;;;;5043;2;5044;22;;;5040.0;433.90234375
0;43500;AMETHYSTS;9996;1;9995;24;;;10002;7;10004;1;10005;24;9999.0;485.0
0;43500;STARFRUIT;5037;6;5036;25;;;5043;25;;;;;5040.0;436.697265625
0;43600;AMETHYSTS;9995;22;;;;;10002;5;10005;22;;;9998.5;485.0
0;43600;STARFRUIT;5036;22;;;;;5041;1;5043;22;;;5038.5;436.994140625
0;43700;STARFRUIT;5037;1;5036;29;;;5043;30;;;;;5040.0;436.08984375
0;43700;AMETHYSTS;9996;1;9995;29;;;10002;6;10004;1;10005;29;9999.0;485.0
0;43800;AMETHYSTS;9996;1;9995;22;;;10004;1;10005;22;;;10000.0;485.0
0;43800;STARFRUIT;5036;23;;;;;5043;23;;;;;5039.5;436.58203125
0;43900;AMETHYSTS;9996;2;9995;24;;;10002;2;10004;2;10005;24;9999.0;485.0
0;43900;STARFRUIT;5037;6;5036;26;;;5043;26;;;;;5040.0;438.048828125
0;44000;AMETHYSTS;10002;4;9998;10;9996;2;10004;2;10005;25;;;10003.0;485.0
0;44000;STARFRUIT;5036;27;;;;;5043;27;;;;;5039.5;438.478515625
0;44100;STARFRUIT;5036;24;;;;;5041;4;5042;2;5043;22;5038.5;439.20703125
0;44100;AMETHYSTS;9996;2;9995;22;;;10004;2;10005;22;;;10000.0;493.0
0;44200;AMETHYSTS;9995;24;;;;;10005;24;;;;;10000.0;493.0
0;44200;STARFRUIT;5036;24;;;;;5043;24;;;;;5039.5;437.189453125
0;44300;AMETHYSTS;9996;2;9995;24;;;9998;2;10004;2;10005;24;9997.0;493.0
0;44300;STARFRUIT;5036;26;;;;;5042;2;5043;24;;;5039.0;438.943359375
0;44400;AMETHYSTS;9996;1;9995;25;;;10002;7;10004;1;10005;25;9999.0;497.0
0;44400;STARFRUIT;5037;1;5036;26;;;5043;26;;;;;5040.0;438.4296875
0;44500;STARFRUIT;5036;30;;;;;5043;30;;;;;5039.5;438.51171875
0;44500;AMETHYSTS;9995;30;;;;;10005;30;;;;;10000.0;497.0
0;44600;AMETHYSTS;9996;1;9995;21;;;10004;1;10005;21;;;10000.0;497.0
0;44600;STARFRUIT;5037;22;;;;;5043;1;5044;21;;;5040.0;434.796875
0;44700;AMETHYSTS;9996;2;9995;25;;;10004;2;10005;25;;;10000.0;497.0
0;44700;STARFRUIT;5037;27;;;;;5042;6;5044;27;;;5039.5;433.1015625
0;44800;AMETHYSTS;9995;25;;;;;10005;25;;;;;10000.0;497.0
0;44800;STARFRUIT;5037;25;;;;;5042;3;5044;25;;;5039.5;434.763671875
0;44900;STARFRUIT;5037;2;5036;21;;;5043;23;;;;;5040.0;435.35546875
0;44900;AMETHYSTS;9996;2;9995;21;;;10004;2;10005;21;;;10000.0;497.0
0;45000;AMETHYSTS;9996;1;9995;27;;;10004;1;10005;27;;;10000.0;497.0
0;45000;STARFRUIT;5036;28;;;;;5037;1;5043;28;;;5036.5;437.091796875
0;45100;AMETHYSTS;9995;27;;;;;9998;1;10005;27;;;9996.5;497.0
0;45100;STARFRUIT;5036;27;;;;;5043;27;;;;;5039.5;438.671875
0;45200;AMETHYSTS;10002;1;9996;1;9995;20;10004;1;10005;20;;;10003.0;499.0
0;45200;STARFRUIT;5036;20;;;;;5043;1;5044;20;;;5039.5;438.076171875
0;45300;STARFRUIT;5037;22;;;;;5044;23;;;;;5040.5;436.3125
0;45300;AMETHYSTS;9995;23;;;;;10005;23;;;;;10000.0;501.0
0;45400;AMETHYSTS;9998;4;9995;25;;;10005;25;;;;;10001.5;501.0
0;45400;STARFRUIT;5037;25;;;;;5044;25;;;;;5040.5;435.486328125
0;45500;AMETHYSTS;9996;1;9995;20;;;9998;3;10004;1;10005;20;9997.0;501.0
0;45500;STARFRUIT;5036;21;;;;;5037;3;5043;21;;;5036.5;440.8515625
0;45600;AMETHYSTS;9996;1;9995;23;;;10004;1;10005;23;;;10000.0;507.0
0;45600;STARFRUIT;5037;1;5036;23;;;5041;6;5043;24;;;5039.0;447.22705078125
0;45700;STARFRUIT;5037;2;5036;21;;;5043;23;;;;;5040.0;447.1748046875
0;45700;AMETHYSTS;10002;1;9996;2;9995;21;10004;2;10005;21;;;10003.0;507.0
0;45800;AMETHYSTS;10000;5;9998;7;9996;2;10004;2;10005;30;;;10002.0;509.0
0;45800;STARFRUIT;5040;5;5037;32;;;5044;32;;;;;5042.0;446.58203125
0;45900;AMETHYSTS;9998;8;9996;1;9995;25;10004;1;10005;25;;;10001.0;509.0
0;45900;STARFRUIT;5037;25;;;;;5044;26;;;;;5040.5;446.02490234375
0;46000;AMETHYSTS;9995;23;;;;;9998;1;10005;23;;;9996.5;509.0
0;46000;STARFRUIT;5037;23;;;;;5044;23;;;;;5040.5;446.26806640625
0;46100;STARFRUIT;5039;4;5038;25;;;5045;25;;;;;5042.0;445.79833984375
0;46100;AMETHYSTS;9995;25;;;;;10005;25;;;;;10000.0;511.0
0;46200;AMETHYSTS;9995;24;;;;;10005;24;;;;;10000.0;511.0
0;46200;STARFRUIT;5039;4;5038;24;;;5045;24;;;;;5042.0;445.72607421875
0;46300;AMETHYSTS;9996;2;9995;26;;;10004;2;10005;26;;;10000.0;511.0
0;46300;STARFRUIT;5039;2;5038;26;;;5045;28;;;;;5042.0;445.0537109375
0;46400;AMETHYSTS;9995;24;;;;;10005;24;;;;;10000.0;511.0
0;46400;STARFRUIT;5044;1;5038;24;;;5045;24;;;;;5044.5;445.3037109375
0;46500;STARFRUIT;5042;2;5038;30;;;5045;30;;;;;5043.5;448.3251953125
0;46500;AMETHYSTS;9996;1;9995;29;;;9998;1;10004;1;10005;29;9997.0;511.0
0;46600;AMETHYSTS;9998;1;9995;28;;;10005;28;;;;;10001.5;513.0
0;46600;STARFRUIT;5044;1;5040;4;5039;28;5046;28;;;;;5045.0;448.8671875
0;46700;AMETHYSTS;9996;1;9995;29;;;10004;1;10005;29;;;10000.0;513.0
0;46700;STARFRUIT;5038;30;;;;;5045;30;;;;;5041.5;440.3984375
0;46800;AMETHYSTS;9995;25;;;;;10005;25;;;;;10000.0;513.0
0;46800;STARFRUIT;5038;25;;;;;5045;25;;;;;5041.5;443.515625
0;46900;STARFRUIT;5039;30;;;;;5040;10;5045;1;5046;29;5039.5;449.4140625
0;46900;AMETHYSTS;9996;1;9995;29;;;10002;3;10004;1;10005;29;9999.0;513.0
0;47000;AMETHYSTS;9996;1;9995;22;;;10004;1;10005;22;;;10000.0;513.0
0;47000;STARFRUIT;5039;23;;;;;5045;1;5046;22;;;5042.0;450.953125
0;47100;AMETHYSTS;9995;22;;;;;9998;1;10005;22;;;9996.5;513.0
0;47100;STARFRUIT;5039;22;;;;;5046;22;;;;;5042.5;456.1875
0;47200;AMETHYSTS;9996;2;9995;21;;;10004;2;10005;21;;;10000.0;515.0
0;47200;STARFRUIT;5044;1;5039;23;;;5046;23;;;;;5045.0;451.78125
0;47300;STARFRUIT;5040;5;5039;21;;;5046;21;;;;;5043.0;455.265625
0;47300;AMETHYSTS;9995;21;;;;;10005;21;;;;;10000.0;515.0
0;47400;AMETHYSTS;9998;7;9995;22;;;10005;22;;;;;10001.5;515.0
0;47400;STARFRUIT;5043;5;5038;22;;;5045;22;;;;;5044.0;431.9921875
0;47500;AMETHYSTS;9996;1;9995;21;;;9998;1;10004;1;10005;21;9997.0;515.0
0;47500;STARFRUIT;5037;22;;;;;5042;5;5044;22;;;5039.5;421.203125
0;47600;STARFRUIT;5037;21;;;;;5044;21;;;;;5040.5;419.15625
0;47600;AMETHYSTS;9998;5;9995;21;;;10005;21;;;;;10001.5;517.0
0;47700;STARFRUIT;5037;23;;;;;5042;4;5044;23;;;5039.5;419.5703125
0;47700;AMETHYSTS;9998;1;9995;23;;;10005;23;;;;;10001.5;517.0
0;47800;STARFRUIT;5038;20;;;;;5043;7;5045;20;;;5040.5;427.96875
0;47800;AMETHYSTS;9995;20;;;;;10005;20;;;;;10000.0;517.0
0;47900;AMETHYSTS;9995;23;;;;;10005;23;;;;;10000.0;517.0
0;47900;STARFRUIT;5037;23;;;;;5044;23;;;;;5040.5;408.34375
0;48000;STARFRUIT;5037;27;;;;;5044;27;;;;;5040.5;413.234375
0;48000;AMETHYSTS;10002;2;9996;1;9995;26;10004;1;10005;26;;;10003.0;517.0
0;48100;STARFRUIT;5037;30;;;;;5042;1;5044;30;;;5039.5;414.75
0;48100;AMETHYSTS;9996;1;9995;29;;;10004;1;10005;29;;;10000.0;521.0
0;48200;STARFRUIT;5038;2;5037;26;;;5044;27;;;;;5041.0;425.4765625
0;48200;AMETHYSTS;9996;1;9995;26;;;10004;1;10005;26;;;10000.0;521.0
0;48300;AMETHYSTS;9998;4;9996;1;9995;20;10004;1;10005;20;;;10001.0;521.0
0;48300;STARFRUIT;5037;21;;;;;5038;4;5044;21;;;5037.5;417.2265625
0;48400;STARFRUIT;5037;32;;;;;5042;6;5044;32;;;5039.5;419.3828125
0;48400;AMETHYSTS;9996;2;9995;30;;;10004;2;10005;30;;;10000.0;521.0
0;48500;STARFRUIT;5037;29;;;;;5044;29;;;;;5040.5;412.9375
0;48500;AMETHYSTS;9995;29;;;;;10005;29;;;;;10000.0;521.0
0;48600;STARFRUIT;5037;1;5036;26;;;5043;1;5044;26;;;5040.0;406.8515625
0;48600;AMETHYSTS;9996;1;9995;26;;;10004;1;10005;26;;;10000.0;521.0
0;48700;AMETHYSTS;9996;1;9995;22;;;10000;2;10004;1;10005;22;9998.0;521.0
0;48700;STARFRUIT;5036;23;;;;;5039;2;5043;23;;;5037.5;402.421875
0;48800;STARFRUIT;5036;29;;;;;5043;29;;;;;5039.5;400.6796875
0;48800;AMETHYSTS;9996;1;9995;28;;;10004;1;10005;28;;;10000.0;521.0
0;48900;STARFRUIT;5036;21;;;;;5043;22;;;;;5039.5;393.0078125
0;48900;AMETHYSTS;9995;22;;;;;10005;22;;;;;10000.0;521.0
0;49000;STARFRUIT;5035;29;;;;;5042;29;;;;;5038.5;377.671875
0;49000;AMETHYSTS;9996;1;9995;28;;;10004;1;10005;28;;;10000.0;521.0
0;49100;AMETHYSTS;9995;30;;;;;10005;30;;;;;10000.0;521.0
0;49100;STARFRUIT;5035;30;;;;;5042;30;;;;;5038.5;374.6640625
0;49200;STARFRUIT;5034;26;;;;;5041;26;;;;;5037.5;356.78125
0;49200;AMETHYSTS;10002;3;9996;1;9995;25;10004;1;10005;25;;;10003.0;521.0
0;49300;STARFRUIT;5035;6;5034;29;;;5041;29;;;;;5038.0;363.6796875
0;49300;AMETHYSTS;9998;3;9995;29;;;10005;29;;;;;10001.5;527.0
0;49400;STARFRUIT;5035;23;;;;;5042;23;;;;;5038.5;375.8671875
0;49400;AMETHYSTS;9996;1;9995;22;;;10004;1;10005;22;;;10000.0;527.0
0;49500;AMETHYSTS;9996;1;9995;24;;;10004;1;10005;24;;;10000.0;527.0
0;49500;STARFRUIT;5035;25;;;;;5041;1;5042;24;;;5038.0;368.2578125
0;49600;STARFRUIT;5036;2;5035;28;;;5038;3;5042;30;;;5037.0;383.40625
0;49600;AMETHYSTS;9996;2;9995;28;;;10000;3;10002;9;10004;2;9998.0;527.0
0;49700;STARFRUIT;5041;1;5036;6;5035;21;5042;21;;;;;5041.5;384.8125
0;49700;AMETHYSTS;9995;21;;;;;10005;21;;;;;10000.0;527.0
0;49800;AMETHYSTS;9995;20;;;;;10002;7;10005;20;;;9998.5;527.0
0;49800;STARFRUIT;5036;20;;;;;5037;1;5043;20;;;5036.5;400.765625
0;49900;AMETHYSTS;9996;1;9995;23;;;10004;1;10005;23;;;10000.0;527.0
0;49900;STARFRUIT;5038;5;5037;24;;;5044;24;;;;;5041.0;419.5546875
0;50000;STARFRUIT;5037;26;;;;;5044;26;;;;;5040.5;422.7109375
0;50000;AMETHYSTS;9996;2;9995;24;;;10002;5;10004;2;10005;24;9999.0;527.0
0;50100;AMETHYSTS;10002;4;9996;2;9995;22;10004;2;10005;22;;;10003.0;527.0
0;50100;STARFRUIT;5037;24;;;;;5043;2;5044;22;;;5040.0;412.9609375
0;50200;AMETHYSTS;9996;1;9995;28;;;10004;1;10005;28;;;10000.0;547.0
0;50200;STARFRUIT;5036;29;;;;;5043;29;;;;;5039.5;407.48046875
0;50300;AMETHYSTS;9995;23;;;;;10005;23;;;;;10000.0;547.0
0;50300;STARFRUIT;5036;23;;;;;5041;4;5043;23;;;5038.5;410.2578125
0;50400;STARFRUIT;5037;2;5036;23;;;5038;3;5043;23;;;5037.5;408.640625
0;50400;AMETHYSTS;9996;2;9995;21;;;10004;2;10005;21;;;10000.0;547.0
0;50500;AMETHYSTS;10000;4;9998;7;9996;1;10004;1;10005;27;;;10002.0;547.0
0;50500;STARFRUIT;5039;4;5036;28;;;5043;28;;;;;5041.0;411.4375
0;50600;AMETHYSTS;9998;7;9996;2;9995;22;10000;5;10004;2;10005;22;9999.0;547.0
0;50600;STARFRUIT;5036;24;;;;;5039;4;5043;24;;;5037.5;410.34375
0;50700;AMETHYSTS;9998;9;9995;20;;;10005;20;;;;;10001.5;547.0
0;50700;STARFRUIT;5036;20;;;;;5043;20;;;;;5039.5;409.60546875
0;50800;STARFRUIT;5037;2;5036;26;;;5043;28;;;;;5040.0;414.5546875
0;50800;AMETHYSTS;9998;7;9996;2;9995;26;10004;2;10005;26;;;10001.0;547.0
0;50900;AMETHYSTS;9998;2;9995;30;;;10000;5;10005;30;;;9999.0;547.0
0;50900;STARFRUIT;5036;30;;;;;5037;1;5039;5;5043;30;5036.5;415.71875
0;51000;AMETHYSTS;9996;2;9995;23;;;10004;2;10005;23;;;10000.0;547.0
0;51000;STARFRUIT;5037;25;;;;;5043;2;5044;23;;;5040.0;420.546875
0;51100;AMETHYSTS;9995;29;;;;;10002;1;10005;29;;;9998.5;547.0
0;51100;STARFRUIT;5038;3;5037;29;;;5044;29;;;;;5041.0;429.42578125
0;51200;STARFRUIT;5037;30;;;;;5044;30;;;;;5040.5;428.96875
0;51200;AMETHYSTS;9995;30;;;;;10005;30;;;;;10000.0;547.0
0;51300;AMETHYSTS;9996;2;9995;23;;;9998;5;10002;5;10004;2;9997.0;547.0
0;51300;STARFRUIT;5038;2;5037;23;;;5044;25;;;;;5041.0;430.61328125
0;51400;AMETHYSTS;9996;1;9995;22;;;10004;1;10005;22;;;10000.0;557.0
0;51400;STARFRUIT;5037;23;;;;;5042;5;5044;23;;;5039.5;425.7265625
0;51500;AMETHYSTS;9995;21;;;;;10005;21;;;;;10000.0;557.0
0;51500;STARFRUIT;5037;21;;;;;5044;21;;;;;5040.5;435.60546875
0;51600;STARFRUIT;5042;3;5038;2;5037;21;5044;23;;;;;5043.0;441.138671875
0;51600;AMETHYSTS;9996;2;9995;21;;;10002;5;10004;2;10005;21;9999.0;557.0
0;51700;AMETHYSTS;9996;2;9995;30;;;10004;2;10005;30;;;10000.0;557.0
0;51700;STARFRUIT;5038;2;5037;30;;;5044;32;;;;;5041.0;444.787109375
0;51800;AMETHYSTS;9995;25;;;;;10005;25;;;;;10000.0;557.0
0;51800;STARFRUIT;5037;25;;;;;5044;25;;;;;5040.5;444.591796875
0;51900;AMETHYSTS;9996;2;9995;26;;;10004;2;10005;26;;;10000.0;557.0
0;51900;STARFRUIT;5037;28;;;;;5044;28;;;;;5040.5;444.2666015625
0;52000;AMETHYSTS;9998;2;9995;21;;;10000;5;10005;21;;;9999.0;557.0
0;52000;STARFRUIT;5038;5;5037;21;;;5040;5;5044;21;;;5039.0;444.54638671875
0;52100;AMETHYSTS;9996;1;9995;27;;;10004;1;10005;27;;;10000.0;557.0
0;52100;STARFRUIT;5038;1;5037;27;;;5044;28;;;;;5041.0;444.81689453125
0;52200;AMETHYSTS;9995;23;;;;;10005;23;;;;;10000.0;557.0
0;52200;STARFRUIT;5037;22;;;;;5044;23;;;;;5040.5;444.486328125
0;52300;STARFRUIT;5037;30;;;;;5044;30;;;;;5040.5;444.7451171875
0;52300;AMETHYSTS;9995;30;;;;;10005;30;;;;;10000.0;557.0
0;52400;AMETHYSTS;10002;3;9996;1;9995;20;10004;1;10005;20;;;10003.0;557.0
0;52400;STARFRUIT;5038;1;5037;21;;;5040;4;5044;21;;;5039.0;444.71435546875
0;52500;AMETHYSTS;9996;2;9995;25;;;10004;2;10005;25;;;10000.0;563.0
0;52500;STARFRUIT;5037;27;;;;;5043;2;5044;25;;;5040.0;444.15185546875
0;52600;AMETHYSTS;9996;1;9995;30;;;10004;1;10005;30;;;10000.0;563.0
0;52600;STARFRUIT;5037;31;;;;;5043;1;5044;30;;;5040.0;444.03466796875
0;52700;STARFRUIT;5042;1;5037;25;;;5043;1;5044;24;;;5042.5;444.0869140625
0;52700;AMETHYSTS;9996;1;9995;24;;;10002;9;10004;1;10005;24;9999.0;575.0
0;52800;AMETHYSTS;9996;2;9995;26;;;10004;2;10005;26;;;10000.0;575.0
0;52800;STARFRUIT;5042;1;5037;28;;;5044;28;;;;;5043.0;446.0
0;52900;AMETHYSTS;9996;1;9995;26;;;10002;3;10004;1;10005;26;9999.0;575.0
0;52900;STARFRUIT;5036;27;;;;;5043;27;;;;;5039.5;446.0
0;53000;AMETHYSTS;9996;1;9995;29;;;10004;1;10005;29;;;10000.0;575.0
0;53000;STARFRUIT;5036;1;5035;29;;;5042;30;;;;;5039.0;446.0
0;53100;STARFRUIT;5036;2;5035;21;;;5042;2;5043;21;;;5039.0;446.0
0;53100;AMETHYSTS;9996;2;9995;21;;;9998;5;10004;2;10005;21;9997.0;575.0
0;53200;AMETHYSTS;9995;23;;;;;10005;23;;;;;10000.0;585.0
0;53200;STARFRUIT;5041;1;5036;23;;;5043;23;;;;;5042.0;446.0
0;53300;AMETHYSTS;9995;20;;;;;10005;20;;;;;10000.0;585.0
0;53300;STARFRUIT;5036;20;;;;;5043;20;;;;;5039.5;447.89111328125
0;53400;AMETHYSTS;9996;2;9995;30;;;9998;1;10004;2;10005;30;9997.0;585.0
0;53400;STARFRUIT;5038;7;5037;32;;;5044;32;;;;;5041.0;457.24609375
0;53500;STARFRUIT;5037;25;;;;;5042;2;5044;25;;;5039.5;458.58984375
0;53500;AMETHYSTS;9995;25;;;;;10002;7;10005;25;;;9998.5;587.0
0;53600;AMETHYSTS;9998;2;9996;1;9995;22;10004;1;10005;22;;;10001.0;587.0
0;53600;STARFRUIT;5037;23;;;;;5044;23;;;;;5040.5;459.5859375
0;53700;AMETHYSTS;9995;23;;;;;10005;23;;;;;10000.0;587.0
0;53700;STARFRUIT;5038;1;5037;23;;;5044;23;;;;;5041.0;458.90234375
0;53800;AMETHYSTS;9998;8;9995;29;;;10005;29;;;;;10001.5;587.0
0;53800;STARFRUIT;5037;29;;;;;5044;29;;;;;5040.5;456.6796875
0;53900;STARFRUIT;5038;1;5037;25;;;5040;4;5044;26;;;5039.0;460.7734375
0;53900;AMETHYSTS;9996;1;9995;25;;;10000;4;10002;8;10004;1;9998.0;587.0
0;54000;AMETHYSTS;9996;1;9995;21;;;10002;1;10004;1;10005;21;9999.0;587.0
0;54000;STARFRUIT;5038;7;5037;22;;;5044;22;;;;;5041.0;458.5078125
0;54100;AMETHYSTS;9996;1;9995;21;;;10004;1;10005;21;;;10000.0;587.0
0;54100;STARFRUIT;5038;4;5037;22;;;5043;1;5044;21;;;5040.5;455.59765625
0;54200;AMETHYSTS;9996;1;9995;20;;;10004;1;10005;20;;;10000.0;589.0
0;54200;STARFRUIT;5037;20;;;;;5043;1;5044;20;;;5040.0;459.3125
0;54300;STARFRUIT;5037;28;;;;;5043;2;5044;26;;;5040.0;459.333984375
0;54300;AMETHYSTS;10002;1;9996;2;9995;26;10004;2;10005;26;;;10003.0;589.0
0;54400;AMETHYSTS;9995;22;;;;;10005;22;;;;;10000.0;591.0
0;54400;STARFRUIT;5037;22;;;;;5044;22;;;;;5040.5;463.45703125
0;54500;AMETHYSTS;9996;2;9995;27;;;10002;2;10004;2;10005;27;9999.0;591.0
0;54500;STARFRUIT;5038;29;;;;;5045;29;;;;;5041.5;465.193359375
0;54600;AMETHYSTS;10002;2;9996;1;9995;29;10004;1;10005;29;;;10003.0;591.0
0;54600;STARFRUIT;5038;30;;;;;5045;30;;;;;5041.5;466.263671875
0;54700;STARFRUIT;5038;1;5037;22;;;5044;1;5045;22;;;5041.0;463.96484375
0;54700;AMETHYSTS;9996;1;9995;22;;;10004;1;10005;22;;;10000.0;595.0
0;54800;AMETHYSTS;9996;2;9995;23;;;10004;2;10005;23;;;10000.0;602.0
0;54800;STARFRUIT;5039;9;5038;23;;;5045;25;;;;;5042.0;470.328125
0;54900;AMETHYSTS;9996;2;9995;22;;;10004;2;10005;22;;;10000.0;602.0
0;54900;STARFRUIT;5038;24;;;;;5043;1;5045;24;;;5040.5;469.849609375
0;55000;AMETHYSTS;9996;2;9995;20;;;10004;2;10005;20;;;10000.0;602.0
0;55000;STARFRUIT;5039;2;5038;20;;;5043;7;5045;22;;;5041.0;470.4609375
0;55100;STARFRUIT;5039;26;;;;;5045;2;5046;24;;;5042.0;471.23046875
0;55100;AMETHYSTS;9996;2;9995;24;;;10004;2;10005;24;;;10000.0;602.0
0;55200;AMETHYSTS;9998;8;9996;1;9995;25;10004;1;10005;25;;;10001.0;602.0
0;55200;STARFRUIT;5038;25;;;;;5045;26;;;;;5041.5;470.58203125
0;55300;AMETHYSTS;9995;22;;;;;10002;5;10005;22;;;9998.5;602.0
0;55300;STARFRUIT;5039;22;;;;;5044;3;5046;22;;;5041.5;471.365234375
0;55400;AMETHYSTS;9998;7;9996;1;9995;27;10004;1;10005;27;;;10001.0;610.0
0;55400;STARFRUIT;5039;6;5038;27;;;5045;28;;;;;5042.0;470.8271484375
0;55500;STARFRUIT;5039;2;5038;22;;;5043;2;5045;24;;;5041.0;470.49609375
0;55500;AMETHYSTS;9996;2;9995;22;;;10004;2;10005;22;;;10000.0;616.0
0;55600;AMETHYSTS;9995;23;;;;;10002;9;10005;23;;;9998.5;616.0
0;55600;STARFRUIT;5038;23;;;;;5045;23;;;;;5041.5;470.501953125
0;55700;AMETHYSTS;9996;1;9995;21;;;10002;7;10004;1;10005;21;9999.0;616.0
0;55700;STARFRUIT;5038;22;;;;;5045;22;;;;;5041.5;469.8193359375
0;55800;AMETHYSTS;9996;1;9995;25;;;10004;1;10005;25;;;10000.0;616.0
0;55800;STARFRUIT;5039;8;5038;26;;;5045;26;;;;;5042.0;470.1171875
0;55900;STARFRUIT;5041;4;5038;20;;;5045;20;;;;;5043.0;469.6171875
0;55900;AMETHYSTS;9995;20;;;;;10005;20;;;;;10000.0;616.0
0;56000;AMETHYSTS;10000;2;9996;1;9995;24;10002;6;10004;1;10005;24;10001.0;616.0
0;56000;STARFRUIT;5041;2;5038;25;;;5043;7;5045;25;;;5042.0;469.599609375
0;56100;AMETHYSTS;9996;1;9995;27;;;9998;1;10002;3;10004;1;9997.0;616.0
0;56100;STARFRUIT;5038;28;;;;;5044;1;5045;27;;;5041.0;468.1904296875
0;56200;AMETHYSTS;9996;1;9995;30;;;10000;4;10004;1;10005;30;9998.0;618.0
0;56200;STARFRUIT;5038;31;;;;;5041;4;5044;1;5045;30;5039.5;468.474609375
0;56300;STARFRUIT;5038;28;;;;;5045;28;;;;;5041.5;468.595703125
0;56300;AMETHYSTS;9995;28;;;;;10005;28;;;;;10000.0;618.0
0;56400;STARFRUIT;5038;29;;;;;5045;29;;;;;5041.5;468.689453125
0;56400;AMETHYSTS;9996;2;9995;27;;;10004;2;10005;27;;;10000.0;618.0
0;56500;AMETHYSTS;9995;21;;;;;10002;9;10005;21;;;9998.5;618.0
0;56500;STARFRUIT;5038;21;;;;;5045;21;;;;;5041.5;469.228515625
0;56600;STARFRUIT;5038;2;5037;28;;;5043;3;5044;2;5045;28;5040.5;467.970703125
0;56600;AMETHYSTS;9996;2;9995;28;;;10002;2;10004;2;10005;28;9999.0;624.0
0;56700;STARFRUIT;5038;2;5037;27;;;5039;4;5044;27;;;5038.5;467.681640625
0;56700;AMETHYSTS;9998;5;9995;27;;;10005;27;;;;;10001.5;624.0
0;56800;STARFRUIT;5038;8;5037;23;;;5044;23;;;;;5041.0;473.46875
0;56800;AMETHYSTS;9995;23;;;;;10005;23;;;;;10000.0;624.0
0;56900;AMETHYSTS;9996;1;9995;20;;;10004;1;10005;20;;;10000.0;624.0
0;56900;STARFRUIT;5037;21;;;;;5044;21;;;;;5040.5;471.77734375
0;57000;STARFRUIT;5037;22;;;;;5044;22;;;;;5040.5;474.03515625
0;57000;AMETHYSTS;9996;2;9995;20;;;10002;10;10004;2;10005;20;9999.0;624.0
0;57100;STARFRUIT;5043;1;5037;24;;;5045;24;;;;;5044.0;476.11328125
0;57100;AMETHYSTS;9998;6;9995;24;;;10005;24;;;;;10001.5;624.0
0;57200;STARFRUIT;5038;1;5037;25;;;5044;26;;;;;5041.0;476.85546875
0;57200;AMETHYSTS;9998;5;9996;1;9995;25;10004;1;10005;25;;;10001.0;624.0
0;57300;AMETHYSTS;9996;1;9995;30;;;10004;1;10005;30;;;10000.0;624.0
0;57300;STARFRUIT;5038;31;;;;;5043;1;5044;1;5045;30;5040.5;479.10546875
0;57400;STARFRUIT;5038;28;;;;;5044;1;5045;27;;;5041.0;479.265625
0;57400;AMETHYSTS;9996;1;9995;27;;;10004;1;10005;27;;;10000.0;624.0
0;57500;STARFRUIT;5038;2;5037;21;;;5044;21;;;;;5041.0;477.712890625
0;57500;AMETHYSTS;9995;21;;;;;10005;21;;;;;10000.0;624.0
0;57600;STARFRUIT;5040;5;5038;2;5037;20;5044;22;;;;;5042.0;477.37109375
0;57600;AMETHYSTS;10000;4;9996;2;9995;20;10004;2;10005;20;;;10002.0;624.0
0;57700;AMETHYSTS;9998;2;9996;1;9995;21;10004;1;10005;21;;;10001.0;624.0
0;57700;STARFRUIT;5037;22;;;;;5044;22;;;;;5040.5;474.26171875
0;57800;STARFRUIT;5038;7;5037;28;;;5044;28;;;;;5041.0;475.64453125
0;57800;AMETHYSTS;9996;2;9995;26;;;10002;4;10004;2;10005;26;9999.0;624.0
0;57900;STARFRUIT;5037;2;5036;26;;;5038;5;5043;28;;;5037.5;471.6953125
0;57900;AMETHYSTS;9996;2;9995;26;;;10004;2;10005;26;;;10000.0;624.0
0;58000;STARFRUIT;5037;28;;;;;5044;28;;;;;5040.5;484.59375
0;58000;AMETHYSTS;9995;28;;;;;10005;28;;;;;10000.0;624.0
0;58100;AMETHYSTS;9998;7;9995;20;;;10005;20;;;;;10001.5;624.0
0;58100;STARFRUIT;5037;20;;;;;5044;20;;;;;5040.5;494.7265625
0;58200;STARFRUIT;5037;29;;;;;5043;2;5044;27;;;5040.0;495.564453125
0;58200;AMETHYSTS;9996;2;9995;27;;;10004;2;10005;27;;;10000.0;624.0
0;58300;STARFRUIT;5037;2;5036;28;;;5043;30;;;;;5040.0;496.3251953125
0;58300;AMETHYSTS;9996;2;9995;28;;;10004;2;10005;28;;;10000.0;624.0
0;58400;STARFRUIT;5037;25;;;;;5044;25;;;;;5040.5;495.494140625
0;58400;AMETHYSTS;9995;25;;;;;10005;25;;;;;10000.0;624.0
0;58500;AMETHYSTS;9998;3;9996;2;9995;20;10004;2;10005;20;;;10001.0;624.0
0;58500;STARFRUIT;5038;2;5037;20;;;5042;2;5044;22;;;5040.0;493.6123046875
0;58600;STARFRUIT;5038;23;;;;;5045;23;;;;;5041.5;491.9423828125
0;58600;AMETHYSTS;9996;1;9995;22;;;10004;1;10005;22;;;10000.0;624.0
0;58700;AMETHYSTS;9996;1;9995;29;;;9998;1;10000;4;10004;1;9997.0;625.0
0;58700;STARFRUIT;5038;30;;;;;5041;4;5044;1;5045;29;5039.5;494.62109375
0;58800;AMETHYSTS;9996;1;9995;30;;;10004;1;10005;30;;;10000.0;627.0
0;58800;STARFRUIT;5038;1;5037;30;;;5042;5;5044;31;;;5040.0;495.2705078125
0;58900;AMETHYSTS;9996;2;9995;23;;;10004;2;10005;23;;;10000.0;627.0
0;58900;STARFRUIT;5043;1;5037;25;;;5044;25;;;;;5043.5;495.677734375
0;59000;STARFRUIT;5038;1;5037;23;;;5044;1;5045;23;;;5041.0;497.072265625
0;59000;AMETHYSTS;9996;1;9995;23;;;10004;1;10005;23;;;10000.0;627.0
0;59100;AMETHYSTS;9998;7;9996;1;9995;20;10004;1;10005;20;;;10001.0;627.0
0;59100;STARFRUIT;5038;1;5037;20;;;5044;21;;;;;5041.0;497.3046875
0;59200;AMETHYSTS;10002;1;9996;2;9995;23;10004;2;10005;23;;;10003.0;627.0
0;59200;STARFRUIT;5042;10;5038;10;5037;23;5044;25;;;;;5043.0;497.6240234375
0;59300;AMETHYSTS;9998;5;9995;22;;;10005;22;;;;;10001.5;629.0
0;59300;STARFRUIT;5036;22;;;;;5044;22;;;;;5040.0;499.998046875
0;59400;STARFRUIT;5036;23;;;;;5043;23;;;;;5039.5;500.771484375
0;59400;AMETHYSTS;10002;1;9995;23;;;10005;23;;;;;10003.5;629.0
0;59500;AMETHYSTS;9996;2;9995;22;;;10004;2;10005;22;;;10000.0;643.0
0;59500;STARFRUIT;5037;2;5036;22;;;5043;2;5044;22;;;5040.0;500.005859375
0;59600;AMETHYSTS;10002;1;9996;1;9995;24;10004;1;10005;24;;;10003.0;643.0
0;59600;STARFRUIT;5037;25;;;;;5044;25;;;;;5040.5;498.87109375
0;59700;AMETHYSTS;9996;1;9995;25;;;10004;1;10005;25;;;10000.0;645.0
0;59700;STARFRUIT;5044;1;5038;26;;;5045;26;;;;;5044.5;495.345703125
0;59800;STARFRUIT;5038;24;;;;;5045;24;;;;;5041.5;501.2412109375
0;59800;AMETHYSTS;9998;9;9996;2;9995;22;10004;2;10005;22;;;10001.0;645.0
0;59900;AMETHYSTS;9996;2;9995;23;;;10004;2;10005;23;;;10000.0;645.0
0;59900;STARFRUIT;5038;2;5037;23;;;5042;4;5044;25;;;5040.0;499.6806640625
0;60000;AMETHYSTS;9996;1;9995;25;;;9998;3;10002;10;10004;1;9997.0;645.0
0;60000;STARFRUIT;5038;5;5037;26;;;5044;26;;;;;5041.0;499.4873046875
0;60100;AMETHYSTS;9996;1;9995;27;;;10004;1;10005;27;;;10000.0;651.0
0;60100;STARFRUIT;5037;28;;;;;5044;28;;;;;5040.5;499.10546875
0;60200;STARFRUIT;5037;26;;;;;5044;26;;;;;5040.5;499.0009765625
0;60200;AMETHYSTS;9996;1;9995;25;;;10004;1;10005;25;;;10000.0;651.0
0;60300;AMETHYSTS;9998;3;9996;1;9995;23;10004;1;10005;23;;;10001.0;651.0
0;60300;STARFRUIT;5037;24;;;;;5044;24;;;;;5040.5;498.900390625
0;60400;AMETHYSTS;9996;2;9995;22;;;9998;1;10004;2;10005;22;9997.0;651.0
0;60400;STARFRUIT;5037;24;;;;;5043;2;5044;22;;;5040.0;498.2333984375
0;60500;AMETHYSTS;9995;25;;;;;10000;2;10005;25;;;9997.5;653.0
0;60500;STARFRUIT;5037;25;;;;;5040;2;5044;25;;;5038.5;498.1796875
0;60600;STARFRUIT;5037;21;;;;;5043;1;5044;21;;;5040.0;498.4345703125
0;60600;AMETHYSTS;9996;1;9995;21;;;10004;1;10005;21;;;10000.0;653.0
0;60700;AMETHYSTS;9998;10;9995;24;;;10005;24;;;;;10001.5;653.0
0;60700;STARFRUIT;5042;9;5037;24;;;5044;24;;;;;5043.0;499.0869140625
0;60800;AMETHYSTS;9996;2;9995;26;;;10004;2;10005;26;;;10000.0;653.0
0;60800;STARFRUIT;5043;1;5037;28;;;5044;28;;;;;5043.5;510.9296875
0;60900;STARFRUIT;5043;1;5037;29;;;5044;29;;;;;5043.5;512.73046875
0;60900;AMETHYSTS;9998;10;9995;29;;;10005;29;;;;;10001.5;653.0
0;61000;AMETHYSTS;9996;1;9995;25;;;9998;1;10004;1;10005;25;9997.0;653.0
0;61000;STARFRUIT;5037;26;;;;;5044;26;;;;;5040.5;515.4921875
0;61100;AMETHYSTS;9996;2;9995;29;;;10004;2;10005;29;;;10000.0;655.0
0;61100;STARFRUIT;5037;31;;;;;5044;31;;;;;5040.5;519.65625
0;61200;AMETHYSTS;9998;1;9995;22;;;10005;22;;;;;10001.5;655.0
0;61200;STARFRUIT;5038;5;5037;22;;;5039;3;5044;22;;;5038.5;515.390625
0;61300;STARFRUIT;5036;27;;;;;5043;27;;;;;5039.5;526.203125
0;61300;AMETHYSTS;9995;27;;;;;10005;27;;;;;10000.0;655.0
0;61400;AMETHYSTS;9995;28;;;;;10005;28;;;;;10000.0;655.0
0;61400;STARFRUIT;5037;28;;;;;5044;28;;;;;5040.5;523.400390625
0;61500;AMETHYSTS;9998;4;9995;22;;;10005;22;;;;;10001.5;655.0
0;61500;STARFRUIT;5042;1;5037;22;;;5044;22;;;;;5043.0;524.23046875
0;61600;AMETHYSTS;9996;1;9995;27;;;10004;1;10005;27;;;10000.0;655.0
0;61600;STARFRUIT;5037;28;;;;;5044;28;;;;;5040.5;522.90234375
0;61700;STARFRUIT;5037;23;;;;;5044;23;;;;;5040.5;522.05078125
0;61700;AMETHYSTS;9996;2;9995;21;;;10004;2;10005;21;;;10000.0;655.0
0;61800;AMETHYSTS;9996;2;9995;24;;;10004;2;10005;24;;;10000.0;655.0
0;61800;STARFRUIT;5037;26;;;;;5038;1;5044;26;;;5037.5;522.90625
0;61900;AMETHYSTS;9995;28;;;;;10002;8;10005;28;;;9998.5;655.0
0;61900;STARFRUIT;5037;28;;;;;5044;28;;;;;5040.5;523.6328125
0;62000;AMETHYSTS;9995;24;;;;;10005;24;;;;;10000.0;655.0
0;62000;STARFRUIT;5037;24;;;;;5044;24;;;;;5040.5;548.619140625
0;62100;STARFRUIT;5037;27;;;;;5043;2;5044;25;;;5040.0;547.46484375
0;62100;AMETHYSTS;9996;2;9995;25;;;10002;3;10004;2;10005;25;9999.0;655.0
0;62200;AMETHYSTS;9998;9;9996;2;9995;22;10004;2;10005;22;;;10001.0;655.0
0;62200;STARFRUIT;5037;24;;;;;5042;1;5044;24;;;5039.5;548.869140625
0;62300;AMETHYSTS;9995;21;;;;;10005;21;;;;;10000.0;655.0
0;62300;STARFRUIT;5037;21;;;;;5044;21;;;;;5040.5;549.357421875
0;62400;AMETHYSTS;9995;24;;;;;10005;24;;;;;10000.0;655.0
0;62400;STARFRUIT;5037;24;;;;;5044;24;;;;;5040.5;549.4375
0;62500;STARFRUIT;5038;2;5037;25;;;5044;27;;;;;5041.0;549.501953125
0;62500;AMETHYSTS;9996;2;9995;25;;;10004;2;10005;25;;;10000.0;655.0
0;62600;AMETHYSTS;9998;6;9996;1;9995;21;10004;1;10005;21;;;10001.0;655.0
0;62600;STARFRUIT;5038;1;5037;21;;;5044;22;;;;;5041.0;549.5869140625
0;62700;AMETHYSTS;9998;3;9995;25;;;10005;25;;;;;10001.5;655.0
0;62700;STARFRUIT;5037;25;;;;;5044;25;;;;;5040.5;547.9873046875
0;62800;AMETHYSTS;9995;22;;;;;10005;22;;;;;10000.0;655.0
0;62800;STARFRUIT;5037;22;;;;;5044;22;;;;;5040.5;570.2578125
0;62900;STARFRUIT;5037;22;;;;;5043;2;5044;20;;;5040.0;575.21875
0;62900;AMETHYSTS;10002;11;9998;3;9996;2;10004;2;10005;20;;;10003.0;655.0
0;63000;AMETHYSTS;9995;30;;;;;10005;30;;;;;10000.0;677.0
0;63000;STARFRUIT;5037;30;;;;;5044;30;;;;;5040.5;568.8828125
0;63100;AMETHYSTS;9995;30;;;;;9998;1;10005;30;;;9996.5;677.0
0;63100;STARFRUIT;5037;30;;;;;5044;30;;;;;5040.5;567.09375
0;63200;AMETHYSTS;9996;1;9995;24;;;10004;1;10005;24;;;10000.0;679.0
0;63200;STARFRUIT;5038;25;;;;;5044;1;5045;24;;;5041.0;563.67578125
0;63300;STARFRUIT;5043;1;5038;30;;;5045;30;;;;;5044.0;561.4609375
0;63300;AMETHYSTS;10002;4;9995;30;;;10005;30;;;;;10003.5;679.0
0;63400;AMETHYSTS;9996;2;9995;22;;;10004;2;10005;22;;;10000.0;687.0
0;63400;STARFRUIT;5038;24;;;;;5044;2;5045;22;;;5041.0;566.5
0;63500;AMETHYSTS;9995;28;;;;;10005;28;;;;;10000.0;687.0
0;63500;STARFRUIT;5038;3;5037;28;;;5044;28;;;;;5041.0;570.828125
0;63600;AMETHYSTS;9995;22;;;;;10005;22;;;;;10000.0;687.0
0;63600;STARFRUIT;5042;1;5037;22;;;5044;22;;;;;5043.0;574.40625
0;63700;STARFRUIT;5037;21;;;;;5040;5;5042;7;5044;21;5038.5;552.1640625
0;63700;AMETHYSTS;9995;21;;;;;10000;5;10002;7;10005;21;9997.5;687.0
0;63800;AMETHYSTS;9996;1;9995;27;;;9998;1;10004;1;10005;27;9997.0;687.0
0;63800;STARFRUIT;5036;1;5035;27;;;5042;28;;;;;5039.0;526.28125
0;63900;AMETHYSTS;9995;22;;;;;10000;2;10005;22;;;9997.5;689.0
0;63900;STARFRUIT;5035;22;;;;;5039;2;5043;22;;;5037.0;527.453125
0;64000;AMETHYSTS;9995;30;;;;;9998;11;10002;10;10005;30;9996.5;689.0
0;64000;STARFRUIT;5036;2;5035;30;;;5042;30;;;;;5039.0;519.8828125
0;64100;STARFRUIT;5036;28;;;;;5041;4;5042;2;5043;26;5038.5;529.484375
0;64100;AMETHYSTS;9996;2;9995;26;;;10002;4;10004;2;10005;26;9999.0;711.0
0;64200;AMETHYSTS;9996;2;9995;25;;;10004;2;10005;25;;;10000.0;711.0
0;64200;STARFRUIT;5036;27;;;;;5043;27;;;;;5039.5;534.078125
0;64300;AMETHYSTS;9998;4;9996;2;9995;20;10004;2;10005;20;;;10001.0;711.0
0;64300;STARFRUIT;5036;2;5035;22;;;5042;22;;;;;5039.0;521.9921875
0;64400;AMETHYSTS;9996;2;9995;27;;;10004;2;10005;27;;;10000.0;711.0
0;64400;STARFRUIT;5036;4;5035;29;;;5042;29;;;;;5039.0;519.6171875
0;64500;STARFRUIT;5036;7;5035;22;;;5042;22;;;;;5039.0;518.5546875
0;64500;AMETHYSTS;9996;2;9995;20;;;10004;2;10005;20;;;10000.0;711.0
0;64600;AMETHYSTS;9996;2;9995;27;;;10004;2;10005;27;;;10000.0;711.0
0;64600;STARFRUIT;5036;2;5035;27;;;5042;29;;;;;5039.0;526.1875
0;64700;AMETHYSTS;10002;1;9996;1;9995;28;10004;1;10005;28;;;10003.0;711.0
0;64700;STARFRUIT;5036;1;5035;28;;;5042;1;5043;28;;;5039.0;527.0078125
0;64800;AMETHYSTS;9996;1;9995;20;;;10004;1;10005;20;;;10000.0;713.0
0;64800;STARFRUIT;5036;20;;;;;5042;1;5043;20;;;5039.0;530.7421875
0;64900;STARFRUIT;5036;2;5035;30;;;5042;32;;;;;5039.0;524.21875
0;64900;AMETHYSTS;9996;2;9995;30;;;9998;4;10002;10;10004;2;9997.0;713.0
0;65000;AMETHYSTS;9996;1;9995;26;;;10002;5;10004;1;10005;26;9999.0;717.0
0;65000;STARFRUIT;5041;1;5036;27;;;5042;1;5043;26;;;5041.5;528.3359375
0;65100;AMETHYSTS;9998;10;9996;1;9995;25;10004;1;10005;25;;;10001.0;717.0
0;65100;STARFRUIT;5036;1;5035;25;;;5042;26;;;;;5039.0;527.0625
0;65200;AMETHYSTS;9996;1;9995;28;;;10002;6;10004;1;10005;28;9999.0;717.0
0;65200;STARFRUIT;5037;2;5036;29;;;5042;1;5043;28;;;5039.5;533.21875
0;65300;STARFRUIT;5036;29;;;;;5041;1;5043;29;;;5038.5;532.265625
0;65300;AMETHYSTS;9995;29;;;;;10002;9;10005;29;;;9998.5;717.0
0;65400;STARFRUIT;5035;21;;;;;5037;2;5042;21;;;5036.0;523.4921875
0;65400;AMETHYSTS;9998;10;9995;21;;;10005;21;;;;;10001.5;717.0
0;65500;AMETHYSTS;9995;20;;;;;10005;20;;;;;10000.0;717.0
0;65500;STARFRUIT;5035;20;;;;;5042;20;;;;;5038.5;522.484375
0;65600;STARFRUIT;5036;6;5035;20;;;5042;20;;;;;5039.0;523.6640625
0;65600;AMETHYSTS;9998;3;9995;20;;;10005;20;;;;;10001.5;717.0
0;65700;STARFRUIT;5035;24;;;;;5036;1;5043;24;;;5035.5;531.328125
0;65700;AMETHYSTS;9995;24;;;;;10005;24;;;;;10000.0;717.0
0;65800;STARFRUIT;5037;1;5036;30;;;5043;30;;;;;5040.0;538.0234375
0;65800;AMETHYSTS;10002;4;9995;30;;;10005;30;;;;;10003.5;717.0
0;65900;AMETHYSTS;9996;2;9995;24;;;10004;2;10005;24;;;10000.0;725.0
0;65900;STARFRUIT;5037;2;5036;24;;;5043;26;;;;;5040.0;550.5234375
0;66000;STARFRUIT;5037;7;5036;24;;;5043;25;;;;;5040.0;549.828125
0;66000;AMETHYSTS;9996;1;9995;24;;;10004;1;10005;24;;;10000.0;725.0
0;66100;STARFRUIT;5042;1;5037;25;;;5043;2;5044;23;;;5042.5;554.5546875
0;66100;AMETHYSTS;9996;2;9995;23;;;10004;2;10005;23;;;10000.0;725.0
0;66200;STARFRUIT;5041;5;5037;23;;;5043;1;5044;22;;;5042.0;556.21875
0;66200;AMETHYSTS;10002;1;9996;1;9995;22;10004;1;10005;22;;;10003.0;727.0
0;66300;AMETHYSTS;10000;3;9995;20;;;10002;5;10005;20;;;10001.0;729.0
0;66300;STARFRUIT;5040;3;5037;20;;;5044;20;;;;;5042.0;558.984375
0;66400;STARFRUIT;5037;2;5036;24;;;5043;26;;;;;5040.0;564.46875
0;66400;AMETHYSTS;9996;2;9995;24;;;10004;2;10005;24;;;10000.0;729.0
0;66500;STARFRUIT;5042;1;5037;31;;;5043;1;5044;30;;;5042.5;566.15625
0;66500;AMETHYSTS;9996;1;9995;30;;;10004;1;10005;30;;;10000.0;729.0
0;66600;STARFRUIT;5037;31;;;;;5044;31;;;;;5040.5;598.033203125
0;66600;AMETHYSTS;10002;3;9998;1;9996;2;10004;2;10005;29;;;10003.0;729.0
0;66700;AMETHYSTS;9996;1;9995;25;;;10004;1;10005;25;;;10000.0;735.0
0;66700;STARFRUIT;5038;5;5037;26;;;5044;26;;;;;5041.0;598.71875
0;66800;STARFRUIT;5038;1;5037;25;;;5044;26;;;;;5041.0;600.283203125
0;66800;AMETHYSTS;9996;1;9995;25;;;10004;1;10005;25;;;10000.0;735.0
0;66900;STARFRUIT;5037;3;5036;20;;;5043;20;;;;;5040.0;596.388671875
0;66900;AMETHYSTS;9995;20;;;;;10005;20;;;;;10000.0;735.0
0;67000;STARFRUIT;5036;24;;;;;5042;2;5043;22;;;5039.0;593.560546875
0;67000;AMETHYSTS;9998;1;9996;2;9995;22;10004;2;10005;22;;;10001.0;735.0
0;67100;AMETHYSTS;9996;1;9995;25;;;10004;1;10005;25;;;10000.0;735.0
0;67100;STARFRUIT;5036;26;;;;;5043;26;;;;;5039.5;595.150390625
0;67200;STARFRUIT;5036;23;;;;;5041;6;5043;23;;;5038.5;595.052734375
0;67200;AMETHYSTS;9995;23;;;;;10005;23;;;;;10000.0;735.0
0;67300;STARFRUIT;5038;1;5037;22;;;5043;1;5044;21;;;5040.5;597.865234375
0;67300;AMETHYSTS;9996;1;9995;21;;;10004;1;10005;21;;;10000.0;735.0
0;67400;STARFRUIT;5038;8;5037;29;;;5044;29;;;;;5041.0;597.947265625
0;67400;AMETHYSTS;9996;1;9995;28;;;10004;1;10005;28;;;10000.0;735.0
0;67500;AMETHYSTS;9995;22;;;;;10005;22;;;;;10000.0;735.0
0;67500;STARFRUIT;5037;22;;;;;5044;22;;;;;5040.5;600.287109375
0;67600;STARFRUIT;5038;1;5037;25;;;5044;26;;;;;5041.0;600.453125
0;67600;AMETHYSTS;9996;1;9995;25;;;10004;1;10005;25;;;10000.0;735.0
0;67700;AMETHYSTS;9996;2;9995;21;;;10000;3;10004;2;10005;21;9998.0;735.0
0;67700;STARFRUIT;5037;23;;;;;5040;3;5044;23;;;5038.5;598.84765625
0;67800;AMETHYSTS;9996;2;9995;30;;;10004;2;10005;30;;;10000.0;735.0
0;67800;STARFRUIT;5038;6;5037;32;;;5044;32;;;;;5041.0;598.7734375
0;67900;AMETHYSTS;9995;26;;;;;10005;26;;;;;10000.0;735.0
0;67900;STARFRUIT;5036;26;;;;;5043;26;;;;;5039.5;596.30078125
0;68000;STARFRUIT;5042;1;5036;25;;;5043;25;;;;;5042.5;595.876953125
0;68000;AMETHYSTS;9995;25;;;;;10002;5;10005;25;;;9998.5;735.0
0;68100;AMETHYSTS;9996;1;9995;26;;;10002;8;10004;1;10005;26;9999.0;735.0
0;68100;STARFRUIT;5037;7;5036;27;;;5042;1;5043;26;;;5039.5;596.57421875
0;68200;AMETHYSTS;9996;1;9995;23;;;9998;1;10004;1;10005;23;9997.0;735.0
0;68200;STARFRUIT;5036;1;5035;23;;;5042;24;;;;;5039.0;595.47265625
0;68300;AMETHYSTS;9996;1;9995;25;;;10002;4;10004;1;10005;25;9999.0;737.0
0;68300;STARFRUIT;5035;1;5034;25;;;5041;26;;;;;5038.0;592.51953125
0;68400;STARFRUIT;5034;31;;;;;5041;31;;;;;5037.5;591.96875
0;68400;AMETHYSTS;10002;1;9996;1;9995;30;10004;1;10005;30;;;10003.0;737.0
0;68500;AMETHYSTS;9996;1;9995;22;;;10004;1;10005;22;;;10000.0;739.0
0;68500;STARFRUIT;5035;1;5034;22;;;5039;5;5041;23;;;5037.0;592.921875
0;68600;AMETHYSTS;9995;27;;;;;9998;1;10005;27;;;9996.5;740.0
0;68600;STARFRUIT;5034;27;;;;;5042;27;;;;;5038.0;592.9912109375
0;68700;AMETHYSTS;9998;10;9996;2;9995;20;10004;2;10005;20;;;10001.0;742.0
0;68700;STARFRUIT;5035;22;;;;;5041;2;5042;20;;;5038.0;593.2314453125
0;68800;STARFRUIT;5035;1;5034;30;;;5037;6;5041;1;5042;30;5036.0;592.97265625
0;68800;AMETHYSTS;9996;1;9995;30;;;10000;6;10002;1;10004;1;9998.0;742.0
0;68900;AMETHYSTS;9998;3;9996;2;9995;23;10004;2;10005;23;;;10001.0;742.0
0;68900;STARFRUIT;5035;25;;;;;5041;2;5042;23;;;5038.0;593.435546875
0;69000;AMETHYSTS;9996;1;9995;27;;;10004;1;10005;27;;;10000.0;742.0
0;69000;STARFRUIT;5035;28;;;;;5041;1;5042;27;;;5038.0;593.201171875
0;69100;AMETHYSTS;9996;1;9995;25;;;10004;1;10005;25;;;10000.0;742.0
0;69100;STARFRUIT;5036;1;5035;26;;;5041;1;5042;25;;;5038.5;593.1318359375
0;69200;STARFRUIT;5035;21;;;;;5042;21;;;;;5038.5;593.7587890625
0;69200;AMETHYSTS;9996;1;9995;20;;;10002;8;10004;1;10005;20;9999.0;742.0
0;69300;AMETHYSTS;9996;1;9995;23;;;10004;1;10005;23;;;10000.0;742.0
0;69300;STARFRUIT;5035;1;5034;23;;;5041;24;;;;;5038.0;592.4697265625
0;69400;AMETHYSTS;9995;22;;;;;10005;22;;;;;10000.0;742.0
0;69400;STARFRUIT;5035;4;5034;22;;;5041;22;;;;;5038.0;590.4765625
0;69500;AMETHYSTS;9996;1;9995;30;;;10002;8;10004;1;10005;30;9999.0;742.0
0;69500;STARFRUIT;5034;2;5033;31;;;5039;1;5040;30;;;5036.5;587.56640625
0;69600;STARFRUIT;5033;27;;;;;5040;27;;;;;5036.5;588.55078125
0;69600;AMETHYSTS;9996;2;9995;25;;;10004;2;10005;25;;;10000.0;742.0
0;69700;AMETHYSTS;10002;1;9996;2;9995;24;10004;2;10005;24;;;10003.0;742.0
0;69700;STARFRUIT;5033;26;;;;;5040;26;;;;;5036.5;588.384765625
0;69800;AMETHYSTS;9996;1;9995;22;;;10004;1;10005;22;;;10000.0;744.0
0;69800;STARFRUIT;5034;22;;;;;5040;1;5041;22;;;5037.0;590.263671875
0;69900;STARFRUIT;5034;26;;;;;5040;2;5041;24;;;5037.0;590.19140625
0;69900;AMETHYSTS;10002;1;9998;10;9996;2;10004;2;10005;24;;;10003.0;744.0
0;70000;AMETHYSTS;9996;2;9995;28;;;10004;2;10005;28;;;10000.0;746.0
0;70000;STARFRUIT;5034;2;5033;28;;;5040;2;5041;28;;;5037.0;590.02734375
0;70100;AMETHYSTS;10002;1;9995;27;;;10005;27;;;;;10003.5;746.0
0;70100;STARFRUIT;5033;27;;;;;5034;1;5040;27;;;5033.5;588.986328125
0;70200;AMETHYSTS;9996;2;9995;28;;;10004;2;10005;28;;;10000.0;748.0
0;70200;STARFRUIT;5033;30;;;;;5040;30;;;;;5036.5;592.0078125
0;70300;STARFRUIT;5034;5;5033;24;;;5040;25;;;;;5037.0;592.220703125
0;70300;AMETHYSTS;9998;10;9996;1;9995;24;10004;1;10005;24;;;10001.0;748.0
0;70400;AMETHYSTS;10002;13;9996;2;9995;29;10004;2;10005;29;;;10003.0;749.0
0;70400;STARFRUIT;5034;31;;;;;5041;31;;;;;5037.5;594.951171875
0;70500;AMETHYSTS;10002;1;9995;21;;;10005;21;;;;;10003.5;775.0
0;70500;STARFRUIT;5034;21;;;;;5035;3;5041;21;;;5034.5;594.82421875
0;70600;AMETHYSTS;10002;1;10000;3;9996;1;10004;1;10005;22;;;10003.0;777.0
0;70600;STARFRUIT;5036;2;5034;1;5033;22;5040;1;5041;22;;;5038.0;599.912109375
0;70700;STARFRUIT;5033;27;;;;;5040;27;;;;;5036.5;597.546875
0;70700;AMETHYSTS;9995;27;;;;;10005;27;;;;;10000.0;779.0
0;70800;AMETHYSTS;9996;2;9995;20;;;9998;5;10002;8;10004;2;9997.0;779.0
0;70800;STARFRUIT;5033;22;;;;;5040;22;;;;;5036.5;597.578125
0;70900;AMETHYSTS;9995;21;;;;;10005;21;;;;;10000.0;789.0
0;70900;STARFRUIT;5033;21;;;;;5034;1;5040;21;;;5033.5;598.84375
0;71000;AMETHYSTS;9996;2;9995;28;;;9998;3;10004;2;10005;28;9997.0;789.0
0;71000;STARFRUIT;5034;2;5033;28;;;5038;1;5040;30;;;5036.0;603.109375
0;71100;STARFRUIT;5035;6;5034;30;;;5041;30;;;;;5038.0;605.95703125
0;71100;AMETHYSTS;9998;4;9995;30;;;10005;30;;;;;10001.5;795.0
0;71200;AMETHYSTS;9996;1;9995;27;;;9998;1;10004;1;10005;27;9997.0;795.0
0;71200;STARFRUIT;5035;1;5034;27;;;5041;28;;;;;5038.0;609.05859375
0;71300;AMETHYSTS;9996;2;9995;28;;;10004;2;10005;28;;;10000.0;797.0
0;71300;STARFRUIT;5035;2;5034;28;;;5040;8;5041;2;5042;28;5037.5;609.9609375
0;71400;AMETHYSTS;10002;2;9996;2;9995;25;10004;2;10005;25;;;10003.0;797.0
0;71400;STARFRUIT;5036;2;5035;25;;;5040;6;5042;27;;;5038.0;614.95703125
0;71500;STARFRUIT;5035;26;;;;;5040;5;5042;26;;;5037.5;614.4140625
0;71500;AMETHYSTS;9995;26;;;;;10005;26;;;;;10000.0;801.0
0;71600;AMETHYSTS;9998;7;9996;2;9995;29;10004;2;10005;29;;;10001.0;801.0
0;71600;STARFRUIT;5035;31;;;;;5042;31;;;;;5038.5;614.57421875
0;71700;AMETHYSTS;9996;1;9995;25;;;9998;1;10004;1;10005;25;9997.0;801.0
0;71700;STARFRUIT;5035;26;;;;;5042;26;;;;;5038.5;614.177734375
0;71800;AMETHYSTS;9995;22;;;;;9998;1;10005;22;;;9996.5;803.0
0;71800;STARFRUIT;5035;22;;;;;5042;22;;;;;5038.5;615.12109375
0;71900;STARFRUIT;5036;30;;;;;5043;30;;;;;5039.5;618.57421875
0;71900;AMETHYSTS;9996;2;9995;28;;;10004;2;10005;28;;;10000.0;805.0
0;72000;AMETHYSTS;9998;2;9996;1;9995;23;10004;1;10005;23;;;10001.0;805.0
0;72000;STARFRUIT;5036;24;;;;;5043;24;;;;;5039.5;618.5390625
0;72100;AMETHYSTS;9996;2;9995;24;;;9998;1;10004;2;10005;24;9997.0;805.0
0;72100;STARFRUIT;5035;26;;;;;5042;26;;;;;5038.5;614.4453125
0;72200;AMETHYSTS;9995;25;;;;;9998;1;10005;25;;;9996.5;807.0
0;72200;STARFRUIT;5035;25;;;;;5042;25;;;;;5038.5;613.484375
0;72300;STARFRUIT;5036;1;5035;22;;;5040;3;5042;23;;;5038.0;614.859375
0;72300;AMETHYSTS;9996;1;9995;22;;;10004;1;10005;22;;;10000.0;809.0
0;72400;AMETHYSTS;9995;25;;;;;10005;25;;;;;10000.0;809.0
0;72400;STARFRUIT;5036;25;;;;;5043;25;;;;;5039.5;619.05859375
0;72500;AMETHYSTS;10000;4;9996;2;9995;20;10004;2;10005;20;;;10002.0;809.0
0;72500;STARFRUIT;5039;4;5037;2;5036;20;5043;22;;;;;5041.0;621.33984375
0;72600;AMETHYSTS;9998;8;9995;28;;;10005;28;;;;;10001.5;809.0
0;72600;STARFRUIT;5036;28;;;;;5043;28;;;;;5039.5;621.046875
0;72700;STARFRUIT;5036;28;;;;;5043;28;;;;;5039.5;617.376953125
0;72700;AMETHYSTS;9995;28;;;;;10005;28;;;;;10000.0;809.0
0;72800;AMETHYSTS;9996;2;9995;27;;;10004;2;10005;27;;;10000.0;809.0
0;72800;STARFRUIT;5036;29;;;;;5037;8;5043;29;;;5036.5;618.83203125
0;72900;AMETHYSTS;9996;1;9995;22;;;10002;4;10004;1;10005;22;9999.0;809.0
0;72900;STARFRUIT;5037;2;5036;23;;;5043;23;;;;;5040.0;636.84375
0;73000;AMETHYSTS;9995;21;;;;;10005;21;;;;;10000.0;809.0
0;73000;STARFRUIT;5036;21;;;;;5041;8;5043;21;;;5038.5;644.4375
0;73100;STARFRUIT;5037;28;;;;;5042;3;5043;1;5044;27;5039.5;648.015625
0;73100;AMETHYSTS;9996;1;9995;27;;;10002;7;10004;1;10005;27;9999.0;809.0
0;73200;AMETHYSTS;9996;1;9995;23;;;10002;7;10004;1;10005;23;9999.0;809.0
0;73200;STARFRUIT;5037;24;;;;;5044;24;;;;;5040.5;652.6640625
0;73300;AMETHYSTS;9996;2;9995;23;;;10004;2;10005;23;;;10000.0;809.0
0;73300;STARFRUIT;5037;25;;;;;5044;25;;;;;5040.5;656.7421875
0;73400;AMETHYSTS;9995;30;;;;;10002;6;10005;30;;;9998.5;809.0
0;73400;STARFRUIT;5038;30;;;;;5045;30;;;;;5041.5;661.015625
0;73500;STARFRUIT;5038;25;;;;;5044;1;5045;24;;;5041.0;662.6796875
0;73500;AMETHYSTS;9998;6;9996;1;9995;24;10004;1;10005;24;;;10001.0;809.0
0;73600;AMETHYSTS;9995;30;;;;;9998;1;10005;30;;;9996.5;809.0
0;73600;STARFRUIT;5038;30;;;;;5045;30;;;;;5041.5;664.015625
0;73700;AMETHYSTS;10002;4;9995;25;;;10005;25;;;;;10003.5;811.0
0;73700;STARFRUIT;5038;25;;;;;5045;25;;;;;5041.5;664.2734375
0;73800;AMETHYSTS;9998;1;9996;1;9995;21;10004;1;10005;21;;;10001.0;819.0
0;73800;STARFRUIT;5038;22;;;;;5045;22;;;;;5041.5;666.96875
0;73900;STARFRUIT;5038;27;;;;;5046;27;;;;;5042.0;674.046875
0;73900;AMETHYSTS;9995;27;;;;;10005;27;;;;;10000.0;819.0
0;74000;AMETHYSTS;10000;5;9996;2;9995;27;10004;2;10005;27;;;10002.0;819.0
0;74000;STARFRUIT;5041;6;5039;7;5038;29;5045;29;;;;;5043.0;671.90625
0;74100;AMETHYSTS;9998;5;9996;1;9995;23;10004;1;10005;23;;;10001.0;819.0
0;74100;STARFRUIT;5042;3;5038;24;;;5045;24;;;;;5043.5;669.78125
0;74200;STARFRUIT;5038;31;;;;;5043;7;5045;31;;;5040.5;668.515625
0;74200;AMETHYSTS;9996;1;9995;30;;;10002;1;10004;1;10005;30;9999.0;819.0
0;74300;STARFRUIT;5039;1;5038;26;;;5043;3;5045;27;;;5041.0;674.6953125
0;74300;AMETHYSTS;9998;6;9996;1;9995;26;10004;1;10005;26;;;10001.0;819.0
0;74400;STARFRUIT;5039;23;;;;;5046;23;;;;;5042.5;681.8125
0;74400;AMETHYSTS;9996;2;9995;21;;;10004;2;10005;21;;;10000.0;819.0
0;74500;AMETHYSTS;9996;2;9995;24;;;10004;2;10005;24;;;10000.0;819.0
0;74500;STARFRUIT;5044;1;5043;3;5039;26;5046;26;;;;;5045.0;679.97265625
0;74600;STARFRUIT;5040;1;5039;29;;;5046;29;;;;;5043.0;680.59375
0;74600;AMETHYSTS;9996;2;9995;27;;;9998;2;10004;2;10005;27;9997.0;819.0
0;74700;STARFRUIT;5039;27;;;;;5046;27;;;;;5042.5;681.48046875
0;74700;AMETHYSTS;9996;1;9995;26;;;10004;1;10005;26;;;10000.0;823.0
0;74800;STARFRUIT;5039;3;5038;24;;;5045;26;;;;;5042.0;677.65625
0;74800;AMETHYSTS;9996;2;9995;24;;;10004;2;10005;24;;;10000.0;823.0
0;74900;AMETHYSTS;9996;1;9995;27;;;10004;1;10005;27;;;10000.0;823.0
0;74900;STARFRUIT;5039;1;5038;27;;;5045;1;5046;27;;;5042.0;677.74609375
0;75000;STARFRUIT;5039;1;5038;21;;;5045;22;;;;;5042.0;676.96484375
0;75000;AMETHYSTS;9996;1;9995;21;;;9998;4;10004;1;10005;21;9997.0;823.0
0;75100;STARFRUIT;5039;2;5038;26;;;5045;2;5046;26;;;5042.0;677.88671875
0;75100;AMETHYSTS;9996;2;9995;26;;;10002;8;10004;2;10005;26;9999.0;832.0
0;75200;STARFRUIT;5040;7;5039;31;;;5046;31;;;;;5043.0;681.3984375
0;75200;AMETHYSTS;9996;1;9995;30;;;10004;1;10005;30;;;10000.0;832.0
0;75300;AMETHYSTS;9998;7;9996;1;9995;26;10004;1;10005;26;;;10001.0;832.0
0;75300;STARFRUIT;5040;27;;;;;5046;1;5047;26;;;5043.0;689.7734375
0;75400;STARFRUIT;5039;25;;;;;5046;25;;;;;5042.5;681.84375
0;75400;AMETHYSTS;9995;25;;;;;10005;25;;;;;10000.0;832.0
0;75500;STARFRUIT;5039;23;;;;;5046;23;;;;;5042.5;683.44140625
0;75500;AMETHYSTS;9996;1;9995;22;;;10004;1;10005;22;;;10000.0;832.0
0;75600;STARFRUIT;5039;2;5038;23;;;5045;2;5046;23;;;5042.0;678.12890625
0;75600;AMETHYSTS;9996;2;9995;23;;;9998;9;10004;2;10005;23;9997.0;832.0
0;75700;AMETHYSTS;9996;2;9995;25;;;10004;2;10005;25;;;10000.0;850.0
0;75700;STARFRUIT;5044;1;5039;27;;;5046;27;;;;;5045.0;681.30859375
0;75800;STARFRUIT;5045;1;5040;1;5039;28;5046;28;;;;;5045.5;690.6484375
0;75800;AMETHYSTS;9996;2;9995;26;;;10002;3;10004;2;10005;26;9999.0;852.0
