day;timestamp;product;bid_price_1;bid_volume_1;bid_price_2;bid_volume_2;bid_price_3;bid_volume_3;ask_price_1;ask_volume_1;ask_price_2;ask_volume_2;ask_price_3;ask_volume_3;mid_price;profit_and_loss
1;0;AMETHYSTS;9998;9;9995;23;;;10005;23;;;;;10001.5;0.0
1;0;STARFRUIT;5047;23;;;;;5054;23;;;;;5050.5;0.0
1;100;STARFRUIT;5053;1;5050;2;5047;22;5054;22;;;;;5053.5;0.0
1;100;AMETHYSTS;10002;1;10000;2;9998;4;10004;1;10005;21;;;10003.0;0.0
1;200;AMETHYSTS;9996;1;9995;21;;;10004;1;10005;21;;;10000.0;2.0
1;200;STARFRUIT;5048;1;5047;21;;;5054;22;;;;;5051.0;0.0
1;300;AMETHYSTS;9995;26;;;;;10005;26;;;;;10000.0;2.0
1;300;STARFRUIT;5053;1;5047;26;;;5054;26;;;;;5053.5;0.0
1;400;AMETHYSTS;9998;8;9996;2;9995;26;10004;2;10005;26;;;10001.0;2.0
1;400;STARFRUIT;5047;28;;;;;5054;28;;;;;5050.5;0.0
1;500;STARFRUIT;5048;24;;;;;5053;3;5055;24;;;5050.5;0.0
1;500;AMETHYSTS;9998;8;9996;1;9995;23;10004;1;10005;23;;;10001.0;2.0
1;600;AMETHYSTS;9996;2;9995;28;;;10004;2;10005;28;;;10000.0;2.0
1;600;STARFRUIT;5052;5;5048;30;;;5055;30;;;;;5053.5;0.0
1;700;AMETHYSTS;9996;1;9995;22;;;10004;1;10005;22;;;10000.0;2.0
1;700;STARFRUIT;5048;22;;;;;5055;23;;;;;5051.5;0.0
1;800;AMETHYSTS;9996;1;9995;24;;;10000;3;10004;1;10005;24;9998.0;2.0
1;800;STARFRUIT;5048;25;;;;;5051;3;5055;25;;;5049.5;0.0
1;900;STARFRUIT;5048;21;;;;;5055;21;;;;;5051.5;0.0
1;900;AMETHYSTS;9996;1;9995;20;;;9998;11;10004;1;10005;20;9997.0;3.0
1;1000;STARFRUIT;5049;1;5048;30;;;5055;31;;;;;5052.0;0.0
1;1000;AMETHYSTS;9996;1;9995;30;;;10004;1;10005;30;;;10000.0;25.0
1;1100;AMETHYSTS;9996;1;9995;21;;;10002;6;10004;1;10005;21;9999.0;25.0
1;1100;STARFRUIT;5049;22;;;;;5055;1;5056;21;;;5052.0;0.0
1;1200;STARFRUIT;5049;22;;;;;5056;23;;;;;5052.5;0.0
1;1200;AMETHYSTS;9996;1;9995;22;;;10004;1;10005;22;;;10000.0;25.0
1;1300;STARFRUIT;5050;25;;;;;5057;25;;;;;5053.5;0.0
1;1300;AMETHYSTS;10002;1;9995;25;;;10005;25;;;;;10003.5;25.0
1;1400;STARFRUIT;5049;23;;;;;5052;6;5056;23;;;5050.5;0.0
1;1400;AMETHYSTS;9995;23;;;;;10000;6;10005;23;;;9997.5;27.0
1;1500;AMETHYSTS;9996;1;9995;20;;;9998;4;10004;1;10005;20;9997.0;27.0
1;1500;STARFRUIT;5054;1;5049;21;;;5056;21;;;;;5055.0;0.0
1;1600;STARFRUIT;5049;30;;;;;5056;30;;;;;5052.5;0.0
1;1600;AMETHYSTS;9996;2;9995;28;;;10004;2;10005;28;;;10000.0;33.0
1;1700;STARFRUIT;5049;28;;;;;5054;8;5056;28;;;5051.5;0.0
1;1700;AMETHYSTS;9995;28;;;;;10005;28;;;;;10000.0;33.0
1;1800;STARFRUIT;5051;4;5048;23;;;5055;23;;;;;5053.0;0.0
1;1800;AMETHYSTS;10000;4;9995;23;;;10002;10;10005;23;;;10001.0;33.0
1;1900;AMETHYSTS;9996;2;9995;30;;;10004;2;10005;30;;;10000.0;33.0
1;1900;STARFRUIT;5047;32;;;;;5048;1;5054;32;;;5047.5;0.0
1;2000;STARFRUIT;5049;2;5048;21;;;5055;23;;;;;5052.0;0.0
1;2000;AMETHYSTS;9996;2;9995;21;;;10004;2;10005;21;;;10000.0;33.0
1;2100;STARFRUIT;5048;28;;;;;5053;5;5055;28;;;5050.5;0.0
1;2100;AMETHYSTS;9996;2;9995;26;;;10004;2;10005;26;;;10000.0;33.0
1;2200;STARFRUIT;5050;4;5049;21;;;5055;1;5056;20;;;5052.5;0.0
1;2200;AMETHYSTS;9996;1;9995;20;;;9998;4;10004;1;10005;20;9997.0;33.0
1;2300;AMETHYSTS;9996;2;9995;22;;;10004;2;10005;22;;;10000.0;41.0
1;2300;STARFRUIT;5050;5;5049;24;;;5056;24;;;;;5053.0;0.0
1;2400;STARFRUIT;5049;22;;;;;5055;2;5056;20;;;5052.0;0.0
1;2400;AMETHYSTS;9996;2;9995;20;;;10004;2;10005;20;;;10000.0;41.0
1;2500;STARFRUIT;5049;2;5048;21;;;5055;23;;;;;5052.0;0.0
1;2500;AMETHYSTS;9998;3;9996;2;9995;21;10004;2;10005;21;;;10001.0;41.0
1;2600;STARFRUIT;5048;30;;;;;5055;30;;;;;5051.5;0.0
1;2600;AMETHYSTS;10002;1;9996;1;9995;29;10004;1;10005;29;;;10003.0;41.0
1;2700;AMETHYSTS;9998;7;9996;2;9995;21;10004;2;10005;21;;;10001.0;43.0
1;2700;STARFRUIT;5049;7;5048;23;;;5055;23;;;;;5052.0;0.0
1;2800;STARFRUIT;5049;27;;;;;5056;27;;;;;5052.5;0.0
1;2800;AMETHYSTS;9995;27;;;;;10005;27;;;;;10000.0;43.0
1;2900;STARFRUIT;5049;22;;;;;5056;22;;;;;5052.5;0.0
1;2900;AMETHYSTS;9996;2;9995;20;;;10004;2;10005;20;;;10000.0;43.0
1;3000;STARFRUIT;5054;1;5050;5;5049;30;5056;30;;;;;5055.0;0.0
1;3000;AMETHYSTS;9996;1;9995;29;;;10004;1;10005;29;;;10000.0;43.0
1;3100;AMETHYSTS;9998;5;9996;1;9995;27;10004;1;10005;27;;;10001.0;43.0
1;3100;STARFRUIT;5048;28;;;;;5055;28;;;;;5051.5;2.38818359375
1;3200;STARFRUIT;5049;24;;;;;5052;5;5056;24;;;5050.5;1.75927734375
1;3200;AMETHYSTS;10002;2;9995;24;;;10005;24;;;;;10003.5;43.0
1;3300;STARFRUIT;5050;1;5049;24;;;5056;25;;;;;5053.0;1.06787109375
1;3300;AMETHYSTS;10002;1;9996;1;9995;24;10004;1;10005;24;;;10003.0;47.0
1;3400;STARFRUIT;5050;29;;;;;5056;2;5057;27;;;5053.0;0.8583984375
1;3400;AMETHYSTS;9998;10;9996;2;9995;27;10004;2;10005;27;;;10001.0;49.0
1;3500;AMETHYSTS;9995;26;;;;;10002;10;10005;26;;;9998.5;49.0
1;3500;STARFRUIT;5049;26;;;;;5057;26;;;;;5053.0;1.0224609375
1;3600;STARFRUIT;5050;27;;;;;5057;27;;;;;5053.5;0.7900390625
1;3600;AMETHYSTS;9995;27;;;;;10002;8;10005;27;;;9998.5;49.0
1;3700;STARFRUIT;5050;25;;;;;5057;25;;;;;5053.5;0.3427734375
1;3700;AMETHYSTS;9998;3;9995;25;;;10005;25;;;;;10001.5;49.0
1;3800;STARFRUIT;5051;24;;;;;5056;7;5058;24;;;5053.5;-0.40673828125
1;3800;AMETHYSTS;9995;24;;;;;10005;24;;;;;10000.0;49.0
1;3900;AMETHYSTS;9996;2;9995;24;;;10004;2;10005;24;;;10000.0;49.0
1;3900;STARFRUIT;5051;1;5050;26;;;5057;26;;;;;5054.0;0.33544921875
1;4000;STARFRUIT;5051;30;;;;;5058;31;;;;;5054.5;-0.26220703125
1;4000;AMETHYSTS;10002;1;9996;1;9995;30;10004;1;10005;30;;;10003.0;49.0
1;4100;STARFRUIT;5054;5;5052;2;5051;22;5058;24;;;;;5056.0;-0.8505859375
1;4100;AMETHYSTS;10000;5;9996;2;9995;22;10002;4;10004;2;10005;22;10001.0;51.0
1;4200;STARFRUIT;5051;29;;;;;5056;7;5058;29;;;5053.5;-0.39111328125
1;4200;AMETHYSTS;10002;5;9996;1;9995;28;10004;1;10005;28;;;10003.0;51.0
1;4300;AMETHYSTS;9995;26;;;;;10002;8;10005;26;;;9998.5;61.0
1;4300;STARFRUIT;5052;26;;;;;5054;2;5059;26;;;5053.0;-1.845703125
1;4400;STARFRUIT;5052;28;;;;;5059;28;;;;;5055.5;-1.89501953125
1;4400;AMETHYSTS;9995;28;;;;;10005;28;;;;;10000.0;61.0
1;4500;STARFRUIT;5053;26;;;;;5058;8;5060;26;;;5055.5;-2.373046875
1;4500;AMETHYSTS;9995;26;;;;;10005;26;;;;;10000.0;61.0
1;4600;STARFRUIT;5053;21;;;;;5058;3;5060;21;;;5055.5;-2.4375
1;4600;AMETHYSTS;9995;21;;;;;10005;21;;;;;10000.0;61.0
1;4700;AMETHYSTS;9998;5;9995;26;;;10005;26;;;;;10001.5;61.0
1;4700;STARFRUIT;5053;26;;;;;5060;26;;;;;5056.5;-2.7177734375
1;4800;STARFRUIT;5059;1;5054;7;5053;23;5060;23;;;;;5059.5;-2.55712890625
1;4800;AMETHYSTS;9996;1;9995;22;;;10004;1;10005;22;;;10000.0;61.0
1;4900;STARFRUIT;5054;2;5053;22;;;5058;6;5060;24;;;5056.0;-0.7880859375
1;4900;AMETHYSTS;9996;2;9995;22;;;10004;2;10005;22;;;10000.0;61.0
1;5000;STARFRUIT;5054;5;5053;31;;;5060;31;;;;;5057.0;-0.3212890625
1;5000;AMETHYSTS;9998;9;9996;1;9995;30;10004;1;10005;30;;;10001.0;61.0
1;5100;AMETHYSTS;9995;26;;;;;10005;26;;;;;10000.0;61.0
1;5100;STARFRUIT;5053;26;;;;;5060;26;;;;;5056.5;-0.236328125
1;5200;STARFRUIT;5056;5;5054;6;5053;25;5060;25;;;;;5058.0;0.42578125
1;5200;AMETHYSTS;10000;5;9998;7;9996;2;10004;2;10005;23;;;10002.0;61.0
1;5300;STARFRUIT;5054;22;;;;;5061;22;;;;;5057.5;3.1318359375
1;5300;AMETHYSTS;9995;22;;;;;9998;12;10005;22;;;9996.5;61.0
1;5400;AMETHYSTS;9995;30;;;;;10005;30;;;;;10000.0;85.0
1;5400;STARFRUIT;5054;30;;;;;5061;30;;;;;5057.5;4.0263671875
1;5500;STARFRUIT;5054;29;;;;;5055;8;5060;1;5061;28;5054.5;4.0595703125
1;5500;AMETHYSTS;9996;1;9995;28;;;10004;1;10005;28;;;10000.0;86.0
1;5600;STARFRUIT;5053;25;;;;;5060;25;;;;;5056.5;17.35546875
1;5600;AMETHYSTS;9998;2;9996;2;9995;23;10004;2;10005;23;;;10001.0;88.0
1;5700;STARFRUIT;5055;3;5054;31;;;5060;1;5061;30;;;5057.5;22.9296875
1;5700;AMETHYSTS;9996;1;9995;30;;;10004;1;10005;30;;;10000.0;88.0
1;5800;AMETHYSTS;9996;2;9995;28;;;10004;2;10005;28;;;10000.0;88.0
1;5800;STARFRUIT;5054;30;;;;;5061;30;;;;;5057.5;27.1875
1;5900;STARFRUIT;5054;23;;;;;5061;23;;;;;5057.5;25.6328125
1;5900;AMETHYSTS;9996;2;9995;21;;;10004;2;10005;21;;;10000.0;88.0
1;6000;STARFRUIT;5053;30;;;;;5060;30;;;;;5056.5;17.4453125
1;6000;AMETHYSTS;9995;30;;;;;10002;10;10005;30;;;9998.5;88.0
1;6100;STARFRUIT;5054;25;;;;;5061;25;;;;;5057.5;28.125
1;6100;AMETHYSTS;9996;1;9995;24;;;10004;1;10005;24;;;10000.0;88.0
1;6200;AMETHYSTS;9998;3;9996;1;9995;29;10004;1;10005;29;;;10001.0;88.0
1;6200;STARFRUIT;5060;1;5054;30;;;5061;30;;;;;5060.5;34.4765625
1;6300;STARFRUIT;5054;22;;;;;5062;22;;;;;5058.0;41.0625
1;6300;AMETHYSTS;9995;22;;;;;10005;22;;;;;10000.0;88.0
1;6400;STARFRUIT;5054;24;;;;;5061;24;;;;;5057.5;40.1171875
1;6400;AMETHYSTS;9996;1;9995;23;;;10002;6;10004;1;10005;23;9999.0;88.0
1;6500;STARFRUIT;5054;22;;;;;5061;22;;;;;5057.5;33.015625
1;6500;AMETHYSTS;9995;22;;;;;10005;22;;;;;10000.0;88.0
1;6600;AMETHYSTS;9996;2;9995;27;;;10004;2;10005;27;;;10000.0;88.0
1;6600;STARFRUIT;5055;29;;;;;5056;7;5062;29;;;5055.5;45.2734375
1;6700;STARFRUIT;5054;31;;;;;5059;7;5061;31;;;5056.5;27.0390625
1;6700;AMETHYSTS;9996;1;9995;30;;;10004;1;10005;30;;;10000.0;88.0
1;6800;STARFRUIT;5056;4;5054;2;5053;29;5060;31;;;;;5058.0;17.25
1;6800;AMETHYSTS;10000;5;9996;2;9995;29;10004;2;10005;29;;;10002.0;89.0
1;6900;STARFRUIT;5053;29;;;;;5058;3;5060;29;;;5055.5;10.875
1;6900;AMETHYSTS;9996;2;9995;27;;;10004;2;10005;27;;;10000.0;89.0
1;7000;AMETHYSTS;9996;1;9995;30;;;10004;1;10005;30;;;10000.0;89.0
1;7000;STARFRUIT;5055;7;5054;31;;;5061;31;;;;;5058.0;25.7421875
1;7100;STARFRUIT;5054;31;;;;;5061;31;;;;;5057.5;34.4453125
1;7100;AMETHYSTS;9996;1;9995;30;;;9998;5;10002;7;10004;1;9997.0;89.0
1;7200;STARFRUIT;5056;6;5055;23;;;5062;23;;;;;5059.0;44.640625
1;7200;AMETHYSTS;9996;1;9995;22;;;10002;1;10004;1;10005;22;9999.0;99.0
1;7300;STARFRUIT;5055;1;5054;25;;;5061;26;;;;;5058.0;37.828125
1;7300;AMETHYSTS;9996;1;9995;25;;;10004;1;10005;25;;;10000.0;99.0
1;7400;AMETHYSTS;10002;1;9995;22;;;10005;22;;;;;10003.5;99.0
1;7400;STARFRUIT;5055;22;;;;;5062;22;;;;;5058.5;47.8984375
1;7500;STARFRUIT;5055;29;;;;;5060;3;5062;29;;;5057.5;66.71875
1;7500;AMETHYSTS;9995;29;;;;;10005;29;;;;;10000.0;101.0
1;7600;AMETHYSTS;10002;1;9995;27;;;10005;27;;;;;10003.5;101.0
1;7600;STARFRUIT;5054;27;;;;;5061;27;;;;;5057.5;63.33203125
1;7700;AMETHYSTS;9996;1;9995;25;;;10002;5;10004;1;10005;25;9999.0;103.0
1;7700;STARFRUIT;5054;26;;;;;5061;26;;;;;5057.5;63.13671875
1;7800;AMETHYSTS;9995;23;;;;;10005;23;;;;;10000.0;103.0
1;7800;STARFRUIT;5055;1;5054;23;;;5061;23;;;;;5058.0;65.609375
1;7900;STARFRUIT;5055;2;5054;22;;;5061;24;;;;;5058.0;65.05859375
1;7900;AMETHYSTS;9996;2;9995;22;;;10002;7;10004;2;10005;22;9999.0;103.0
1;8000;AMETHYSTS;10000;3;9996;2;9995;28;10004;2;10005;28;;;10002.0;103.0
1;8000;STARFRUIT;5059;1;5057;3;5054;30;5061;30;;;;;5060.0;61.8046875
1;8100;AMETHYSTS;9995;25;;;;;10005;25;;;;;10000.0;103.0
1;8100;STARFRUIT;5054;25;;;;;5061;25;;;;;5057.5;62.4296875
1;8200;AMETHYSTS;9996;2;9995;25;;;10004;2;10005;25;;;10000.0;103.0
1;8200;STARFRUIT;5054;27;;;;;5061;27;;;;;5057.5;62.634765625
1;8300;STARFRUIT;5054;28;;;;;5061;28;;;;;5057.5;65.734375
1;8300;AMETHYSTS;9998;9;9995;28;;;10005;28;;;;;10001.5;103.0
1;8400;AMETHYSTS;9998;5;9995;29;;;10005;29;;;;;10001.5;103.0
1;8400;STARFRUIT;5055;29;;;;;5062;29;;;;;5058.5;67.2890625
1;8500;AMETHYSTS;9996;2;9995;25;;;10004;2;10005;25;;;10000.0;103.0
1;8500;STARFRUIT;5055;10;5054;25;;;5061;2;5062;25;;;5058.0;66.900390625
1;8600;AMETHYSTS;9996;2;9995;27;;;10004;2;10005;27;;;10000.0;103.0
1;8600;STARFRUIT;5055;2;5054;27;;;5061;29;;;;;5058.0;66.361328125
1;8700;STARFRUIT;5059;1;5055;8;5054;24;5061;24;;;;;5060.0;63.34765625
1;8700;AMETHYSTS;9996;2;9995;22;;;10004;2;10005;22;;;10000.0;103.0
1;8800;AMETHYSTS;9996;1;9995;30;;;10004;1;10005;30;;;10000.0;103.0
1;8800;STARFRUIT;5054;1;5053;30;;;5060;1;5061;30;;;5057.0;62.845703125
1;8900;AMETHYSTS;9995;26;;;;;10005;26;;;;;10000.0;103.0
1;8900;STARFRUIT;5055;2;5054;26;;;5061;26;;;;;5058.0;64.994140625
1;9000;AMETHYSTS;9995;23;;;;;10005;23;;;;;10000.0;103.0
1;9000;STARFRUIT;5054;23;;;;;5061;23;;;;;5057.5;67.24609375
1;9100;STARFRUIT;5056;5;5055;22;;;5062;22;;;;;5059.0;68.986328125
1;9100;AMETHYSTS;9995;22;;;;;9998;1;10005;22;;;9996.5;103.0
1;9200;AMETHYSTS;9996;2;9995;25;;;10004;2;10005;25;;;10000.0;116.0
1;9200;STARFRUIT;5056;3;5055;27;;;5061;2;5062;25;;;5058.5;68.84765625
1;9300;AMETHYSTS;10002;11;9998;1;9996;1;10004;1;10005;29;;;10003.0;116.0
1;9300;STARFRUIT;5055;30;;;;;5062;30;;;;;5058.5;70.859375
1;9400;AMETHYSTS;10002;1;9996;2;9995;28;10004;2;10005;28;;;10003.0;138.0
1;9400;STARFRUIT;5056;3;5055;30;;;5062;30;;;;;5059.0;71.259765625
1;9500;STARFRUIT;5055;26;;;;;5062;26;;;;;5058.5;70.34765625
1;9500;AMETHYSTS;10002;1;9996;2;9995;24;10004;2;10005;24;;;10003.0;140.0
1;9600;AMETHYSTS;9996;1;9995;20;;;10002;6;10004;1;10005;20;9999.0;142.0
1;9600;STARFRUIT;5056;1;5055;20;;;5062;21;;;;;5059.0;71.94140625
1;9700;AMETHYSTS;9996;1;9995;30;;;10000;4;10004;1;10005;30;9998.0;142.0
1;9700;STARFRUIT;5056;31;;;;;5059;5;5061;5;5063;31;5057.5;75.216796875
1;9800;STARFRUIT;5056;26;;;;;5062;2;5063;24;;;5059.0;73.642578125
1;9800;AMETHYSTS;9998;1;9996;2;9995;24;10004;2;10005;24;;;10001.0;142.0
1;9900;STARFRUIT;5055;24;;;;;5062;24;;;;;5058.5;72.318359375
1;9900;AMETHYSTS;9995;24;;;;;10005;24;;;;;10000.0;142.0
1;10000;STARFRUIT;5055;27;;;;;5062;27;;;;;5058.5;70.80859375
1;10000;AMETHYSTS;9995;27;;;;;10005;27;;;;;10000.0;142.0
1;10100;AMETHYSTS;10002;4;9996;1;9995;20;10004;1;10005;20;;;10003.0;142.0
1;10100;STARFRUIT;5055;21;;;;;5060;5;5062;21;;;5057.5;69.955078125
1;10200;STARFRUIT;5055;20;;;;;5062;20;;;;;5058.5;68.947265625
1;10200;AMETHYSTS;9995;20;;;;;10005;20;;;;;10000.0;150.0
1;10300;STARFRUIT;5056;5;5055;25;;;5062;25;;;;;5059.0;69.71484375
1;10300;AMETHYSTS;9996;1;9995;24;;;10004;1;10005;24;;;10000.0;150.0
1;10400;STARFRUIT;5055;25;;;;;5062;25;;;;;5058.5;71.34375
1;10400;AMETHYSTS;9995;25;;;;;10005;25;;;;;10000.0;150.0
1;10500;AMETHYSTS;9995;26;;;;;10005;26;;;;;10000.0;150.0
1;10500;STARFRUIT;5056;8;5055;26;;;5062;26;;;;;5059.0;70.529296875
1;10600;STARFRUIT;5060;3;5055;20;;;5062;20;;;;;5061.0;71.45703125
1;10600;AMETHYSTS;9995;20;;;;;10005;20;;;;;10000.0;150.0
1;10700;STARFRUIT;5056;7;5055;24;;;5062;24;;;;;5059.0;76.54833984375
1;10700;AMETHYSTS;9995;24;;;;;9998;3;10005;24;;;9996.5;150.0
1;10800;STARFRUIT;5057;6;5056;23;;;5063;23;;;;;5060.0;77.10205078125
1;10800;AMETHYSTS;9995;23;;;;;10002;1;10005;23;;;9998.5;156.0
1;10900;AMETHYSTS;9996;1;9995;22;;;10000;6;10004;1;10005;22;9998.0;156.0
1;10900;STARFRUIT;5055;23;;;;;5058;6;5062;23;;;5056.5;76.6982421875
1;11000;STARFRUIT;5055;27;;;;;5060;2;5061;1;5062;26;5057.5;76.08740234375
1;11000;AMETHYSTS;9996;1;9995;26;;;10004;1;10005;26;;;10000.0;156.0
1;11100;STARFRUIT;5056;1;5055;31;;;5061;1;5062;30;;;5058.5;76.05029296875
1;11100;AMETHYSTS;9996;1;9995;30;;;10002;1;10004;1;10005;30;9999.0;156.0
1;11200;STARFRUIT;5055;30;;;;;5060;5;5062;30;;;5057.5;76.53271484375
1;11200;AMETHYSTS;9996;2;9995;28;;;10004;2;10005;28;;;10000.0;156.0
1;11300;AMETHYSTS;9996;2;9995;25;;;10002;2;10004;2;10005;25;9999.0;156.0
1;11300;STARFRUIT;5055;2;5054;25;;;5061;27;;;;;5058.0;75.83837890625
1;11400;STARFRUIT;5054;30;;;;;5061;30;;;;;5057.5;75.8037109375
1;11400;AMETHYSTS;9995;30;;;;;10005;30;;;;;10000.0;156.0
1;11500;STARFRUIT;5055;1;5054;28;;;5059;5;5061;29;;;5057.0;75.841796875
1;11500;AMETHYSTS;9996;1;9995;28;;;10004;1;10005;28;;;10000.0;156.0
1;11600;STARFRUIT;5055;24;;;;;5060;7;5061;2;5062;22;5057.5;76.1337890625
1;11600;AMETHYSTS;9996;2;9995;22;;;10004;2;10005;22;;;10000.0;156.0
1;11700;AMETHYSTS;10000;4;9996;2;9995;20;10004;2;10005;20;;;10002.0;156.0
1;11700;STARFRUIT;5057;4;5054;22;;;5061;22;;;;;5059.0;75.46044921875
1;11800;STARFRUIT;5055;5;5054;21;;;5056;4;5061;22;;;5055.5;75.9443359375
1;11800;AMETHYSTS;9998;10;9996;1;9995;21;10004;1;10005;21;;;10001.0;156.0
1;11900;STARFRUIT;5057;4;5054;23;;;5061;23;;;;;5059.0;81.451171875
1;11900;AMETHYSTS;10002;1;10000;4;9998;1;10004;1;10005;22;;;10003.0;156.0
1;12000;STARFRUIT;5054;28;;;;;5060;1;5061;27;;;5057.0;79.23828125
1;12000;AMETHYSTS;9996;1;9995;27;;;10004;1;10005;27;;;10000.0;158.0
1;12100;AMETHYSTS;9996;2;9995;23;;;9998;8;10004;2;10005;23;9997.0;158.0
1;12100;STARFRUIT;5054;2;5053;23;;;5060;2;5061;23;;;5057.0;79.0859375
1;12200;STARFRUIT;5054;25;;;;;5061;25;;;;;5057.5;80.552734375
1;12200;AMETHYSTS;9996;2;9995;23;;;10004;2;10005;23;;;10000.0;174.0
1;12300;STARFRUIT;5055;4;5054;25;;;5061;25;;;;;5058.0;82.029296875
1;12300;AMETHYSTS;9996;1;9995;24;;;10002;3;10004;1;10005;24;9999.0;174.0
1;12400;STARFRUIT;5054;29;;;;;5061;29;;;;;5057.5;79.890625
1;12400;AMETHYSTS;10002;1;9998;5;9995;29;10005;29;;;;;10003.5;174.0
1;12500;AMETHYSTS;10000;3;9996;1;9995;22;10004;1;10005;22;;;10002.0;176.0
1;12500;STARFRUIT;5056;3;5054;1;5053;22;5060;1;5061;22;;;5058.0;78.9765625
1;12600;STARFRUIT;5056;4;5053;26;;;5060;26;;;;;5058.0;76.40234375
1;12600;AMETHYSTS;10000;4;9995;26;;;10005;26;;;;;10002.5;176.0
1;12700;STARFRUIT;5054;1;5053;27;;;5060;28;;;;;5057.0;78.015625
1;12700;AMETHYSTS;10002;1;9996;1;9995;27;10004;1;10005;27;;;10003.0;176.0
1;12800;STARFRUIT;5057;4;5054;30;;;5060;2;5061;28;;;5058.5;79.634765625
1;12800;AMETHYSTS;10000;4;9996;2;9995;28;10002;9;10004;2;10005;28;10001.0;176.0
1;12900;AMETHYSTS;9996;2;9995;21;;;10002;4;10004;2;10005;21;9999.0;176.0
1;12900;STARFRUIT;5054;23;;;;;5059;2;5061;23;;;5056.5;80.494140625
1;13000;STARFRUIT;5054;32;;;;;5061;32;;;;;5057.5;82.357421875
1;13000;AMETHYSTS;9996;2;9995;30;;;10002;2;10004;2;10005;30;9999.0;176.0
1;13100;STARFRUIT;5054;21;;;;;5057;2;5061;21;;;5055.5;80.08203125
1;13100;AMETHYSTS;9995;21;;;;;10000;2;10005;21;;;9997.5;176.0
1;13200;STARFRUIT;5059;1;5055;7;5054;31;5060;2;5061;29;;;5059.5;79.400390625
1;13200;AMETHYSTS;9998;9;9996;2;9995;29;10004;2;10005;29;;;10001.0;176.0
1;13300;AMETHYSTS;10002;2;9996;1;9995;22;10004;1;10005;22;;;10003.0;176.0
1;13300;STARFRUIT;5054;1;5053;22;;;5060;1;5061;22;;;5057.0;81.07421875
1;13400;STARFRUIT;5053;26;;;;;5060;26;;;;;5056.5;79.857421875
1;13400;AMETHYSTS;9995;26;;;;;10005;26;;;;;10000.0;180.0
1;13500;STARFRUIT;5053;25;;;;;5060;25;;;;;5056.5;77.91015625
1;13500;AMETHYSTS;9996;1;9995;24;;;10004;1;10005;24;;;10000.0;180.0
1;13600;STARFRUIT;5052;26;;;;;5057;3;5059;26;;;5054.5;75.38671875
1;13600;AMETHYSTS;9996;2;9995;24;;;10002;6;10004;2;10005;24;9999.0;180.0
1;13700;AMETHYSTS;10002;1;9995;28;;;10005;28;;;;;10003.5;180.0
1;13700;STARFRUIT;5052;28;;;;;5059;28;;;;;5055.5;76.55078125
1;13800;STARFRUIT;5052;23;;;;;5059;23;;;;;5055.5;76.603515625
1;13800;AMETHYSTS;9998;1;9995;23;;;10005;23;;;;;10001.5;180.0
1;13900;STARFRUIT;5053;21;;;;;5054;3;5059;1;5060;20;5053.5;77.8671875
1;13900;AMETHYSTS;9996;1;9995;20;;;10004;1;10005;20;;;10000.0;180.0
1;14000;STARFRUIT;5054;2;5053;29;;;5059;1;5060;28;;;5056.5;83.5625
1;14000;AMETHYSTS;10002;6;9998;1;9996;1;10004;1;10005;28;;;10003.0;180.0
1;14100;AMETHYSTS;9996;2;9995;20;;;10002;4;10004;2;10005;20;9999.0;180.0
1;14100;STARFRUIT;5053;22;;;;;5060;22;;;;;5056.5;85.89453125
1;14200;STARFRUIT;5053;21;;;;;5060;21;;;;;5056.5;86.12890625
1;14200;AMETHYSTS;9995;21;;;;;10005;21;;;;;10000.0;180.0
1;14300;STARFRUIT;5054;22;;;;;5061;22;;;;;5057.5;93.62890625
1;14300;AMETHYSTS;9996;1;9995;21;;;10004;1;10005;21;;;10000.0;180.0
1;14400;AMETHYSTS;10002;4;9996;2;9995;21;10004;2;10005;21;;;10003.0;180.0
1;14400;STARFRUIT;5055;1;5054;21;;;5061;23;;;;;5058.0;96.41015625
1;14500;STARFRUIT;5055;1;5054;28;;;5059;6;5061;29;;;5057.0;96.62109375
1;14500;AMETHYSTS;9996;1;9995;28;;;10002;10;10004;1;10005;28;9999.0;180.0
1;14600;STARFRUIT;5055;28;;;;;5057;3;5062;28;;;5056.0;101.3046875
1;14600;AMETHYSTS;9996;1;9995;27;;;10004;1;10005;27;;;10000.0;180.0
1;14700;STARFRUIT;5055;1;5054;23;;;5059;2;5061;24;;;5057.0;96.58984375
1;14700;AMETHYSTS;9996;1;9995;23;;;10004;1;10005;23;;;10000.0;180.0
1;14800;AMETHYSTS;9996;1;9995;30;;;9998;1;10004;1;10005;30;9997.0;180.0
1;14800;STARFRUIT;5054;31;;;;;5059;3;5061;31;;;5056.5;93.31640625
1;14900;STARFRUIT;5059;4;5055;26;;;5061;1;5062;25;;;5060.0;97.60546875
1;14900;AMETHYSTS;9996;1;9995;25;;;10002;1;10004;1;10005;25;9999.0;182.0
1;15000;STARFRUIT;5056;4;5055;27;;;5061;2;5062;25;;;5058.5;101.30078125
1;15000;AMETHYSTS;9996;2;9995;25;;;10004;2;10005;25;;;10000.0;182.0
1;15100;STARFRUIT;5054;21;;;;;5061;21;;;;;5057.5;99.912109375
1;15100;AMETHYSTS;9996;1;9995;20;;;9998;1;10004;1;10005;20;9997.0;182.0
1;15200;AMETHYSTS;10000;4;9996;2;9995;21;10002;4;10004;2;10005;21;10001.0;184.0
1;15200;STARFRUIT;5057;4;5055;4;5054;23;5061;23;;;;;5059.0;99.927734375
1;15300;STARFRUIT;5055;2;5054;22;;;5059;6;5061;24;;;5057.0;100.59375
1;15300;AMETHYSTS;9996;2;9995;22;;;10002;7;10004;2;10005;22;9999.0;184.0
1;15400;STARFRUIT;5054;30;;;;;5061;30;;;;;5057.5;99.8662109375
1;15400;AMETHYSTS;9995;30;;;;;10005;30;;;;;10000.0;184.0
1;15500;STARFRUIT;5055;25;;;;;5062;25;;;;;5058.5;102.2626953125
1;15500;AMETHYSTS;9995;25;;;;;9998;11;10005;25;;;9996.5;184.0
1;15600;AMETHYSTS;9996;1;9995;22;;;10004;1;10005;22;;;10000.0;206.0
1;15600;STARFRUIT;5055;23;;;;;5062;23;;;;;5058.5;102.8671875
1;15700;STARFRUIT;5056;2;5055;28;;;5061;1;5062;2;5063;28;5058.5;104.08984375
1;15700;AMETHYSTS;9996;2;9995;28;;;10004;2;10005;28;;;10000.0;206.0
1;15800;STARFRUIT;5057;4;5056;28;;;5062;2;5063;26;;;5059.5;104.599609375
1;15800;AMETHYSTS;9998;6;9996;2;9995;26;10004;2;10005;26;;;10001.0;206.0
1;15900;STARFRUIT;5055;21;;;;;5057;3;5062;21;;;5056.0;105.54443359375
1;15900;AMETHYSTS;9996;1;9995;20;;;10002;8;10004;1;10005;20;9999.0;206.0
1;16000;AMETHYSTS;9996;2;9995;20;;;10004;2;10005;20;;;10000.0;206.0
1;16000;STARFRUIT;5056;2;5055;20;;;5061;4;5062;2;5063;20;5058.5;111.9921875
1;16100;STARFRUIT;5056;1;5055;26;;;5057;2;5061;8;5062;1;5056.5;112.138671875
1;16100;AMETHYSTS;9996;1;9995;26;;;10004;1;10005;26;;;10000.0;206.0
1;16200;STARFRUIT;5056;26;;;;;5063;27;;;;;5059.5;117.5
1;16200;AMETHYSTS;9995;27;;;;;10002;4;10005;27;;;9998.5;206.0
1;16300;STARFRUIT;5056;22;;;;;5062;1;5063;21;;;5059.0;117.1171875
1;16300;AMETHYSTS;9996;1;9995;21;;;10004;1;10005;21;;;10000.0;206.0
1;16400;AMETHYSTS;9996;2;9995;25;;;10002;6;10004;2;10005;25;9999.0;208.0
1;16400;STARFRUIT;5056;27;;;;;5061;7;5063;27;;;5058.5;117.703125
1;16500;STARFRUIT;5055;22;;;;;5060;1;5062;22;;;5057.5;114.046875
1;16500;AMETHYSTS;9995;22;;;;;10005;22;;;;;10000.0;208.0
1;16600;AMETHYSTS;9995;26;;;;;10005;26;;;;;10000.0;208.0
1;16600;STARFRUIT;5056;7;5055;26;;;5062;26;;;;;5059.0;114.20703125
1;16700;AMETHYSTS;10002;1;9998;2;9995;25;10005;25;;;;;10003.5;208.0
1;16700;STARFRUIT;5055;25;;;;;5062;25;;;;;5058.5;113.474609375
1;16800;AMETHYSTS;10000;2;9996;2;9995;25;10004;2;10005;25;;;10002.0;210.0
1;16800;STARFRUIT;5058;2;5055;27;;;5062;27;;;;;5060.0;112.7734375
1;16900;STARFRUIT;5055;24;;;;;5061;2;5062;22;;;5058.0;110.51171875
1;16900;AMETHYSTS;9996;2;9995;22;;;10004;2;10005;22;;;10000.0;210.0
1;17000;AMETHYSTS;9996;1;9995;25;;;10004;1;10005;25;;;10000.0;210.0
1;17000;STARFRUIT;5055;1;5054;26;;;5061;26;;;;;5058.0;108.25
1;17100;AMETHYSTS;9996;1;9995;26;;;10004;1;10005;26;;;10000.0;210.0
1;17100;STARFRUIT;5055;1;5054;26;;;5061;27;;;;;5058.0;108.74609375
1;17200;AMETHYSTS;9996;1;9995;27;;;10004;1;10005;27;;;10000.0;210.0
1;17200;STARFRUIT;5055;5;5054;28;;;5061;28;;;;;5058.0;106.712890625
1;17300;STARFRUIT;5054;28;;;;;5059;6;5061;28;;;5056.5;105.9921875
1;17300;AMETHYSTS;9996;1;9995;27;;;10004;1;10005;27;;;10000.0;210.0
1;17400;AMETHYSTS;9995;25;;;;;9998;11;10005;25;;;9996.5;210.0
1;17400;STARFRUIT;5058;3;5055;2;5054;25;5061;25;;;;;5059.5;104.63671875
1;17500;AMETHYSTS;9996;2;9995;26;;;10004;2;10005;26;;;10000.0;232.0
1;17500;STARFRUIT;5054;28;;;;;5061;28;;;;;5057.5;111.06640625
1;17600;AMETHYSTS;9996;1;9995;29;;;10004;1;10005;29;;;10000.0;232.0
1;17600;STARFRUIT;5054;4;5053;29;;;5060;30;;;;;5057.0;146.92578125
1;17700;STARFRUIT;5053;22;;;;;5060;22;;;;;5056.5;149.31640625
1;17700;AMETHYSTS;9998;2;9995;22;;;10005;22;;;;;10001.5;232.0
1;17800;AMETHYSTS;9996;2;9995;30;;;9998;3;10002;5;10004;2;9997.0;232.0
1;17800;STARFRUIT;5053;2;5052;30;;;5057;5;5059;32;;;5055.0;154.4921875
1;17900;AMETHYSTS;9995;21;;;;;9998;1;10002;3;10005;21;9996.5;238.0
1;17900;STARFRUIT;5058;1;5055;2;5052;21;5059;21;;;;;5058.5;157.07421875
1;18000;AMETHYSTS;9995;24;;;;;10005;24;;;;;10000.0;240.0
1;18000;STARFRUIT;5052;24;;;;;5059;24;;;;;5055.5;118.1953125
1;18100;STARFRUIT;5052;30;;;;;5059;30;;;;;5055.5;116.640625
1;18100;AMETHYSTS;9996;2;9995;28;;;10004;2;10005;28;;;10000.0;240.0
1;18200;AMETHYSTS;9996;2;9995;23;;;10002;10;10004;2;10005;23;9999.0;240.0
1;18200;STARFRUIT;5052;2;5051;23;;;5058;2;5059;23;;;5055.0;106.265625
1;18300;AMETHYSTS;9995;20;;;;;10005;20;;;;;10000.0;249.0
1;18300;STARFRUIT;5051;20;;;;;5058;20;;;;;5054.5;103.1953125
1;18400;AMETHYSTS;9996;1;9995;21;;;10004;1;10005;21;;;10000.0;249.0
1;18400;STARFRUIT;5058;1;5052;22;;;5059;22;;;;;5058.5;118.390625
1;18500;STARFRUIT;5053;2;5052;21;;;5054;1;5059;23;;;5053.5;126.2265625
1;18500;AMETHYSTS;9996;2;9995;21;;;10004;2;10005;21;;;10000.0;249.0
1;18600;AMETHYSTS;9996;1;9995;21;;;10004;1;10005;21;;;10000.0;249.0
1;18600;STARFRUIT;5052;21;;;;;5053;8;5059;22;;;5052.5;126.25
1;18700;AMETHYSTS;10002;1;9995;30;;;10005;30;;;;;10003.5;249.0
1;18700;STARFRUIT;5052;30;;;;;5059;30;;;;;5055.5;121.5234375
1;18800;STARFRUIT;5052;24;;;;;5059;24;;;;;5055.5;118.984375
1;18800;AMETHYSTS;9995;24;;;;;10002;7;10005;24;;;9998.5;251.0
1;18900;STARFRUIT;5053;7;5052;25;;;5059;25;;;;;5056.0;112.0234375
1;18900;AMETHYSTS;10002;1;9995;25;;;10005;25;;;;;10003.5;251.0
1;19000;STARFRUIT;5052;31;;;;;5058;1;5059;30;;;5055.0;112.75
1;19000;AMETHYSTS;9996;1;9995;30;;;10004;1;10005;30;;;10000.0;253.0
1;19100;AMETHYSTS;9996;2;9995;21;;;10004;2;10005;21;;;10000.0;253.0
1;19100;STARFRUIT;5052;23;;;;;5059;23;;;;;5055.5;123.8671875
1;19200;STARFRUIT;5052;26;;;;;5059;26;;;;;5055.5;118.859375
1;19200;AMETHYSTS;9995;26;;;;;10002;1;10005;26;;;9998.5;253.0
1;19300;STARFRUIT;5052;25;;;;;5059;25;;;;;5055.5;119.21875
1;19300;AMETHYSTS;9996;2;9995;23;;;9998;6;10004;2;10005;23;9997.0;253.0
1;19400;STARFRUIT;5053;26;;;;;5059;2;5060;24;;;5056.0;132.75
1;19400;AMETHYSTS;9996;2;9995;24;;;10002;5;10004;2;10005;24;9999.0;265.0
1;19500;AMETHYSTS;9995;23;;;;;10005;23;;;;;10000.0;265.0
1;19500;STARFRUIT;5053;23;;;;;5060;23;;;;;5056.5;134.7734375
1;19600;STARFRUIT;5053;27;;;;;5060;27;;;;;5056.5;138.96875
1;19600;AMETHYSTS;10002;1;9998;5;9996;1;10004;1;10005;26;;;10003.0;265.0
1;19700;STARFRUIT;5054;31;;;;;5061;31;;;;;5057.5;163.125
1;19700;AMETHYSTS;9996;2;9995;29;;;10004;2;10005;29;;;10000.0;267.0
1;19800;STARFRUIT;5054;28;;;;;5061;28;;;;;5057.5;164.1953125
1;19800;AMETHYSTS;9996;2;9995;26;;;10004;2;10005;26;;;10000.0;267.0
1;19900;AMETHYSTS;9996;1;9995;22;;;9998;1;10004;1;10005;22;9997.0;267.0
1;19900;STARFRUIT;5054;1;5053;22;;;5060;1;5061;22;;;5057.0;161.0
1;20000;STARFRUIT;5053;26;;;;;5059;4;5061;26;;;5056.0;160.99609375
1;20000;AMETHYSTS;9995;26;;;;;9998;1;10005;26;;;9996.5;276.0
1;20100;STARFRUIT;5054;30;;;;;5059;4;5061;30;;;5056.5;166.015625
1;20100;AMETHYSTS;9996;1;9995;29;;;9998;4;10004;1;10005;29;9997.0;278.0
1;20200;STARFRUIT;5054;20;;;;;5061;20;;;;;5057.5;167.1328125
1;20200;AMETHYSTS;10002;1;9995;20;;;10005;20;;;;;10003.5;286.0
1;20300;AMETHYSTS;10002;4;9995;24;;;10005;24;;;;;10003.5;288.0
1;20300;STARFRUIT;5055;24;;;;;5062;24;;;;;5058.5;172.890625
1;20400;STARFRUIT;5055;28;;;;;5057;3;5062;28;;;5056.0;175.0546875
1;20400;AMETHYSTS;10002;2;9996;1;9995;27;10004;1;10005;27;;;10003.0;296.0
1;20500;STARFRUIT;5055;25;;;;;5056;7;5062;26;;;5055.5;177.81640625
1;20500;AMETHYSTS;9998;7;9996;1;9995;25;10004;1;10005;25;;;10001.0;300.0
1;20600;STARFRUIT;5056;1;5055;24;;;5062;25;;;;;5059.0;172.984375
1;20600;AMETHYSTS;9996;1;9995;24;;;9998;4;10002;5;10004;1;9997.0;300.0
1;20700;AMETHYSTS;9995;30;;;;;10005;30;;;;;10000.0;310.0
1;20700;STARFRUIT;5060;2;5056;3;5055;30;5062;30;;;;;5061.0;175.1953125
1;20800;STARFRUIT;5055;26;;;;;5062;26;;;;;5058.5;196.494140625
1;20800;AMETHYSTS;9996;2;9995;24;;;10004;2;10005;24;;;10000.0;310.0
1;20900;STARFRUIT;5055;30;;;;;5062;31;;;;;5058.5;197.62890625
1;20900;AMETHYSTS;9996;2;9995;29;;;10004;2;10005;29;;;10000.0;310.0
1;21000;STARFRUIT;5055;26;;;;;5061;1;5062;25;;;5058.0;198.857421875
1;21000;AMETHYSTS;9996;1;9995;25;;;10004;1;10005;25;;;10000.0;310.0
1;21100;AMETHYSTS;9995;28;;;;;10000;2;10005;28;;;9997.5;310.0
1;21100;STARFRUIT;5054;28;;;;;5057;2;5061;28;;;5055.5;199.673828125
1;21200;STARFRUIT;5060;1;5055;29;;;5062;29;;;;;5061.0;198.490234375
1;21200;AMETHYSTS;9995;29;;;;;9998;1;10005;29;;;9996.5;310.0
1;21300;STARFRUIT;5054;22;;;;;5060;2;5062;22;;;5057.0;200.9375
1;21300;AMETHYSTS;9995;22;;;;;10005;22;;;;;10000.0;312.0
1;21400;STARFRUIT;5055;30;;;;;5061;1;5062;29;;;5058.0;200.76171875
1;21400;AMETHYSTS;9996;1;9995;29;;;10004;1;10005;29;;;10000.0;312.0
1;21500;AMETHYSTS;9996;2;9995;28;;;10004;2;10005;28;;;10000.0;312.0
1;21500;STARFRUIT;5055;28;;;;;5056;5;5062;30;;;5055.5;196.9296875
1;21600;STARFRUIT;5056;2;5055;20;;;5062;22;;;;;5059.0;211.0
1;21600;AMETHYSTS;9998;5;9996;2;9995;20;10004;2;10005;20;;;10001.0;312.0
1;21700;STARFRUIT;5057;4;5056;27;;;5062;2;5063;25;;;5059.5;211.0
1;21700;AMETHYSTS;9996;2;9995;25;;;10004;2;10005;25;;;10000.0;312.0
1;21800;STARFRUIT;5056;26;;;;;5062;1;5063;25;;;5059.0;211.0
1;21800;AMETHYSTS;9996;1;9995;25;;;10004;1;10005;25;;;10000.0;312.0
1;21900;AMETHYSTS;9995;27;;;;;10002;3;10005;27;;;9998.5;312.0
1;21900;STARFRUIT;5056;27;;;;;5063;27;;;;;5059.5;211.0
1;22000;STARFRUIT;5057;2;5056;20;;;5063;22;;;;;5060.0;211.0
1;22000;AMETHYSTS;9996;2;9995;20;;;10004;2;10005;20;;;10000.0;312.0
1;22100;STARFRUIT;5056;22;;;;;5061;4;5063;22;;;5058.5;211.0
1;22100;AMETHYSTS;9995;22;;;;;10005;22;;;;;10000.0;312.0
1;22200;STARFRUIT;5057;3;5056;23;;;5063;23;;;;;5060.0;211.0
1;22200;AMETHYSTS;10002;1;9995;23;;;10005;23;;;;;10003.5;312.0
1;22300;AMETHYSTS;9996;2;9995;28;;;10004;2;10005;28;;;10000.0;314.0
1;22300;STARFRUIT;5057;30;;;;;5064;30;;;;;5060.5;211.0
1;22400;STARFRUIT;5057;24;;;;;5064;24;;;;;5060.5;211.0
1;22400;AMETHYSTS;9996;1;9995;23;;;10002;2;10004;1;10005;23;9999.0;314.0
1;22500;STARFRUIT;5062;1;5057;27;;;5064;27;;;;;5063.0;211.0
1;22500;AMETHYSTS;9998;2;9995;27;;;10005;27;;;;;10001.5;314.0
1;22600;STARFRUIT;5063;1;5062;4;5058;4;5064;26;;;;;5063.5;212.28662109375
1;22600;AMETHYSTS;9998;5;9996;1;9995;25;10004;1;10005;25;;;10001.0;314.0
1;22700;AMETHYSTS;9996;1;9995;25;;;10002;9;10004;1;10005;25;9999.0;314.0
1;22700;STARFRUIT;5058;1;5057;25;;;5064;26;;;;;5061.0;219.025390625
1;22800;STARFRUIT;5058;27;;;;;5065;27;;;;;5061.5;215.568359375
1;22800;AMETHYSTS;10002;1;9996;1;9995;26;10004;1;10005;26;;;10003.0;314.0
1;22900;STARFRUIT;5057;22;;;;;5062;4;5064;23;;;5059.5;207.62890625
1;22900;AMETHYSTS;10002;2;9996;1;9995;22;10004;1;10005;22;;;10003.0;316.0
1;23000;STARFRUIT;5064;1;5058;21;;;5065;21;;;;;5064.5;210.017578125
1;23000;AMETHYSTS;9996;1;9995;20;;;10002;2;10004;1;10005;20;9999.0;320.0
1;23100;STARFRUIT;5059;7;5058;28;;;5064;2;5065;26;;;5061.5;192.109375
1;23100;AMETHYSTS;9996;2;9995;26;;;10004;2;10005;26;;;10000.0;320.0
1;23200;STARFRUIT;5059;1;5058;25;;;5065;25;;;;;5062.0;195.65625
1;23200;AMETHYSTS;9996;1;9995;24;;;10002;4;10004;1;10005;24;9999.0;320.0
1;23300;STARFRUIT;5059;2;5058;21;;;5065;23;;;;;5062.0;202.5859375
1;23300;AMETHYSTS;9996;2;9995;21;;;10004;2;10005;21;;;10000.0;320.0
1;23400;AMETHYSTS;9996;1;9995;29;;;10004;1;10005;29;;;10000.0;320.0
1;23400;STARFRUIT;5059;1;5058;29;;;5065;1;5066;29;;;5062.0;204.359375
1;23500;STARFRUIT;5060;3;5059;31;;;5066;31;;;;;5063.0;208.9453125
1;23500;AMETHYSTS;9996;1;9995;30;;;10004;1;10005;30;;;10000.0;320.0
1;23600;STARFRUIT;5059;26;;;;;5066;27;;;;;5062.5;205.6640625
1;23600;AMETHYSTS;9996;2;9995;25;;;10004;2;10005;25;;;10000.0;320.0
1;23700;STARFRUIT;5064;1;5059;21;;;5065;1;5066;20;;;5064.5;201.1484375
1;23700;AMETHYSTS;9996;1;9995;20;;;10004;1;10005;20;;;10000.0;320.0
1;23800;AMETHYSTS;9995;22;;;;;10005;22;;;;;10000.0;320.0
1;23800;STARFRUIT;5059;22;;;;;5066;22;;;;;5062.5;200.328125
1;23900;STARFRUIT;5059;27;;;;;5066;27;;;;;5062.5;203.734375
1;23900;AMETHYSTS;9995;27;;;;;10005;27;;;;;10000.0;320.0
1;24000;STARFRUIT;5060;6;5059;29;;;5066;29;;;;;5063.0;204.2265625
1;24000;AMETHYSTS;9995;29;;;;;10005;29;;;;;10000.0;320.0
1;24100;STARFRUIT;5059;22;;;;;5065;2;5066;20;;;5062.0;199.96875
1;24100;AMETHYSTS;9996;2;9995;20;;;10004;2;10005;20;;;10000.0;320.0
1;24200;AMETHYSTS;9996;1;9995;23;;;10002;7;10004;1;10005;23;9999.0;320.0
1;24200;STARFRUIT;5059;24;;;;;5064;8;5065;1;5066;23;5061.5;200.8671875
1;24300;STARFRUIT;5059;27;;;;;5060;1;5064;5;5066;27;5059.5;209.46875
1;24300;AMETHYSTS;10002;1;9995;27;;;10005;27;;;;;10003.5;320.0
1;24400;STARFRUIT;5060;8;5059;29;;;5066;29;;;;;5063.0;206.78125
1;24400;AMETHYSTS;9996;1;9995;28;;;10004;1;10005;28;;;10000.0;322.0
1;24500;STARFRUIT;5059;2;5058;24;;;5065;26;;;;;5062.0;196.1328125
1;24500;AMETHYSTS;9996;2;9995;24;;;10002;10;10004;2;10005;24;9999.0;322.0
1;24600;AMETHYSTS;9996;2;9995;22;;;10002;10;10004;2;10005;22;9999.0;322.0
1;24600;STARFRUIT;5058;24;;;;;5065;24;;;;;5061.5;183.140625
1;24700;STARFRUIT;5058;22;;;;;5065;22;;;;;5061.5;181.0546875
1;24700;AMETHYSTS;9996;2;9995;20;;;10004;2;10005;20;;;10000.0;322.0
1;24800;STARFRUIT;5058;28;;;;;5065;28;;;;;5061.5;190.78125
1;24800;AMETHYSTS;9995;28;;;;;10005;28;;;;;10000.0;322.0
1;24900;STARFRUIT;5059;24;;;;;5066;24;;;;;5062.5;194.5078125
1;24900;AMETHYSTS;9998;7;9995;24;;;10005;24;;;;;10001.5;322.0
1;25000;AMETHYSTS;10002;1;9996;1;9995;27;10004;1;10005;27;;;10003.0;322.0
1;25000;STARFRUIT;5059;1;5058;27;;;5065;28;;;;;5062.0;190.5234375
1;25100;STARFRUIT;5058;27;;;;;5065;27;;;;;5061.5;183.921875
1;25100;AMETHYSTS;9998;8;9996;1;9995;26;10004;1;10005;26;;;10001.0;324.0
1;25200;AMETHYSTS;9996;2;9995;24;;;10000;4;10004;2;10005;24;9998.0;324.0
1;25200;STARFRUIT;5060;6;5059;26;;;5062;4;5066;26;;;5061.0;197.28125
1;25300;AMETHYSTS;9998;9;9996;1;9995;21;10004;1;10005;21;;;10001.0;324.0
1;25300;STARFRUIT;5059;1;5058;21;;;5065;22;;;;;5062.0;188.0078125
1;25400;AMETHYSTS;10002;3;9996;2;9995;27;10004;2;10005;27;;;10003.0;324.0
1;25400;STARFRUIT;5059;29;;;;;5066;29;;;;;5062.5;198.6484375
1;25500;STARFRUIT;5059;1;5058;23;;;5064;6;5065;1;5066;23;5061.5;191.984375
1;25500;AMETHYSTS;9996;1;9995;23;;;10004;1;10005;23;;;10000.0;330.0
1;25600;AMETHYSTS;9995;24;;;;;10005;24;;;;;10000.0;330.0
1;25600;STARFRUIT;5059;24;;;;;5064;6;5066;24;;;5061.5;198.7890625
1;25700;AMETHYSTS;9996;1;9995;24;;;10004;1;10005;24;;;10000.0;330.0
1;25700;STARFRUIT;5059;1;5058;24;;;5065;25;;;;;5062.0;190.3515625
1;25800;AMETHYSTS;10002;1;9996;2;9995;27;10004;2;10005;27;;;10003.0;330.0
1;25800;STARFRUIT;5059;29;;;;;5066;29;;;;;5062.5;201.796875
1;25900;STARFRUIT;5059;29;;;;;5065;2;5066;27;;;5062.0;194.0703125
1;25900;AMETHYSTS;9996;2;9995;27;;;10004;2;10005;27;;;10000.0;332.0
1;26000;AMETHYSTS;9995;27;;;;;10005;27;;;;;10000.0;334.0
1;26000;STARFRUIT;5065;1;5059;27;;;5066;27;;;;;5065.5;210.90625
1;26100;AMETHYSTS;10002;1;9998;3;9996;1;10004;1;10005;24;;;10003.0;334.0
1;26100;STARFRUIT;5065;1;5061;2;5060;25;5066;1;5067;24;;;5065.5;216.6796875
1;26200;AMETHYSTS;10002;1;9996;2;9995;27;10004;2;10005;27;;;10003.0;336.0
1;26200;STARFRUIT;5059;29;;;;;5066;29;;;;;5062.5;207.7109375
1;26300;STARFRUIT;5059;25;;;;;5066;26;;;;;5062.5;214.203125
1;26300;AMETHYSTS;9996;1;9995;25;;;10002;1;10004;1;10005;25;9999.0;338.0
1;26400;AMETHYSTS;9995;27;;;;;10005;27;;;;;10000.0;338.0
1;26400;STARFRUIT;5059;27;;;;;5066;27;;;;;5062.5;208.9609375
1;26500;AMETHYSTS;9996;1;9995;21;;;10004;1;10005;21;;;10000.0;338.0
1;26500;STARFRUIT;5059;22;;;;;5065;1;5066;21;;;5062.0;203.0234375
1;26600;AMETHYSTS;9996;2;9995;29;;;9998;4;10004;2;10005;29;9997.0;338.0
1;26600;STARFRUIT;5058;31;;;;;5065;31;;;;;5061.5;191.390625
1;26700;STARFRUIT;5064;1;5059;8;5058;26;5066;26;;;;;5065.0;200.0859375
1;26700;AMETHYSTS;9995;26;;;;;10005;26;;;;;10000.0;346.0
1;26800;AMETHYSTS;10002;1;9998;7;9995;20;10005;20;;;;;10003.5;346.0
1;26800;STARFRUIT;5059;20;;;;;5066;20;;;;;5062.5;203.8828125
1;26900;AMETHYSTS;9995;22;;;;;10005;22;;;;;10000.0;348.0
1;26900;STARFRUIT;5058;22;;;;;5065;22;;;;;5061.5;200.0390625
1;27000;AMETHYSTS;9998;2;9996;1;9995;26;10004;1;10005;26;;;10001.0;348.0
1;27000;STARFRUIT;5059;27;;;;;5064;6;5066;27;;;5061.5;206.6171875
1;27100;STARFRUIT;5065;1;5059;29;;;5066;29;;;;;5065.5;209.625
1;27100;AMETHYSTS;9996;2;9995;27;;;9998;1;10002;10;10004;2;9997.0;348.0
1;27200;AMETHYSTS;9998;3;9996;2;9995;23;10004;2;10005;23;;;10001.0;350.0
1;27200;STARFRUIT;5063;1;5059;7;5058;25;5065;25;;;;;5064.0;197.109375
1;27300;AMETHYSTS;9995;25;;;;;10002;8;10005;25;;;9998.5;350.0
1;27300;STARFRUIT;5057;25;;;;;5058;1;5064;25;;;5057.5;186.7734375
1;27400;AMETHYSTS;9996;1;9995;22;;;9998;3;10004;1;10005;22;9997.0;350.0
1;27400;STARFRUIT;5061;6;5058;23;;;5064;1;5065;22;;;5062.5;196.953125
1;27500;STARFRUIT;5058;30;;;;;5065;30;;;;;5061.5;195.140625
1;27500;AMETHYSTS;9995;30;;;;;10005;30;;;;;10000.0;356.0
1;27600;STARFRUIT;5063;1;5058;8;5057;26;5064;28;;;;;5063.5;192.03125
1;27600;AMETHYSTS;9996;2;9995;26;;;10002;4;10004;2;10005;26;9999.0;356.0
1;27700;AMETHYSTS;9996;2;9995;30;;;10004;2;10005;30;;;10000.0;356.0
1;27700;STARFRUIT;5057;32;;;;;5064;32;;;;;5060.5;183.59375
1;27800;STARFRUIT;5057;5;5056;22;;;5063;22;;;;;5060.0;172.6015625
1;27800;AMETHYSTS;9998;2;9996;2;9995;20;10004;2;10005;20;;;10001.0;356.0
1;27900;STARFRUIT;5056;29;;;;;5061;8;5063;29;;;5058.5;166.5625
1;27900;AMETHYSTS;9995;29;;;;;10005;29;;;;;10000.0;356.0
1;28000;STARFRUIT;5056;4;5055;22;;;5063;22;;;;;5059.5;163.875
1;28000;AMETHYSTS;9995;22;;;;;10005;22;;;;;10000.0;356.0
1;28100;AMETHYSTS;9996;1;9995;20;;;10004;1;10005;20;;;10000.0;356.0
1;28100;STARFRUIT;5056;21;;;;;5062;1;5063;20;;;5059.0;166.3828125
1;28200;STARFRUIT;5056;23;;;;;5063;23;;;;;5059.5;172.3203125
1;28200;AMETHYSTS;9995;23;;;;;10005;23;;;;;10000.0;359.0
1;28300;STARFRUIT;5056;30;;;;;5063;30;;;;;5059.5;172.203125
1;28300;AMETHYSTS;9996;2;9995;28;;;10004;2;10005;28;;;10000.0;359.0
1;28400;STARFRUIT;5056;20;;;;;5063;20;;;;;5059.5;170.7421875
1;28400;AMETHYSTS;9995;20;;;;;10002;8;10005;20;;;9998.5;359.0
1;28500;AMETHYSTS;9996;2;9995;28;;;10004;2;10005;28;;;10000.0;359.0
1;28500;STARFRUIT;5056;5;5055;28;;;5062;30;;;;;5059.0;162.1875
1;28600;STARFRUIT;5055;27;;;;;5058;5;5062;28;;;5056.5;156.3671875
1;28600;AMETHYSTS;9996;2;9995;26;;;10000;5;10002;5;10004;2;9998.0;359.0
1;28700;STARFRUIT;5055;24;;;;;5056;1;5062;24;;;5055.5;142.779296875
1;28700;AMETHYSTS;9998;8;9996;2;9995;22;10004;2;10005;22;;;10001.0;359.0
1;28800;STARFRUIT;5055;21;;;;;5062;21;;;;;5058.5;127.8515625
1;28800;AMETHYSTS;9995;21;;;;;10002;8;10005;21;;;9998.5;359.0
1;28900;AMETHYSTS;9996;1;9995;22;;;10002;5;10004;1;10005;22;9999.0;359.0
1;28900;STARFRUIT;5056;1;5055;23;;;5062;23;;;;;5059.0;122.0625
1;29000;STARFRUIT;5056;2;5055;24;;;5062;2;5063;24;;;5059.0;116.6015625
1;29000;AMETHYSTS;10002;1;9996;2;9995;24;10004;2;10005;24;;;10003.0;359.0
1;29100;STARFRUIT;5055;23;;;;;5062;23;;;;;5058.5;120.546875
1;29100;AMETHYSTS;9995;23;;;;;10002;2;10005;23;;;9998.5;361.0
1;29200;STARFRUIT;5056;23;;;;;5062;1;5063;22;;;5059.0;109.96875
1;29200;AMETHYSTS;9996;1;9995;22;;;10004;1;10005;22;;;10000.0;361.0
1;29300;AMETHYSTS;9996;1;9995;22;;;10004;1;10005;22;;;10000.0;361.0
1;29300;STARFRUIT;5057;23;;;;;5063;1;5064;22;;;5060.0;89.015625
1;29400;STARFRUIT;5057;2;5056;23;;;5063;25;;;;;5060.0;94.5
1;29400;AMETHYSTS;9996;2;9995;23;;;10002;4;10004;2;10005;23;9999.0;361.0
1;29500;STARFRUIT;5056;19;;;;;5063;20;;;;;5059.5;101.890625
1;29500;AMETHYSTS;9998;6;9995;20;;;10005;20;;;;;10001.5;361.0
1;29600;STARFRUIT;5055;27;;;;;5058;4;5062;27;;;5056.5;120.171875
1;29600;AMETHYSTS;9996;1;9995;26;;;10000;4;10004;1;10005;26;9998.0;361.0
1;29700;AMETHYSTS;9996;1;9995;22;;;10002;7;10004;1;10005;22;9999.0;361.0
1;29700;STARFRUIT;5055;23;;;;;5060;8;5062;23;;;5057.5;124.5859375
1;29800;STARFRUIT;5061;1;5056;4;5055;25;5062;25;;;;;5061.5;115.65625
1;29800;AMETHYSTS;9995;25;;;;;10005;25;;;;;10000.0;361.0
1;29900;STARFRUIT;5056;2;5055;30;;;5062;32;;;;;5059.0;111.703125
1;29900;AMETHYSTS;9996;2;9995;30;;;10004;2;10005;30;;;10000.0;366.0
1;30000;STARFRUIT;5057;4;5056;25;;;5063;25;;;;;5060.0;105.21875
1;30000;AMETHYSTS;9998;10;9996;2;9995;23;10004;2;10005;23;;;10001.0;366.0
1;30100;AMETHYSTS;9996;1;9995;20;;;10004;1;10005;20;;;10000.0;366.0
1;30100;STARFRUIT;5056;21;;;;;5063;21;;;;;5059.5;103.1875
1;30200;STARFRUIT;5057;2;5056;28;;;5063;2;5064;28;;;5060.0;91.296875
1;30200;AMETHYSTS;9996;2;9995;28;;;9998;1;10002;8;10004;2;9997.0;366.0
1;30300;STARFRUIT;5057;31;;;;;5062;1;5064;31;;;5059.5;85.1484375
1;30300;AMETHYSTS;10002;4;9996;2;9995;29;10004;2;10005;29;;;10003.0;368.0
1;30400;STARFRUIT;5061;5;5057;30;;;5062;3;5064;30;;;5061.5;83.25
1;30400;AMETHYSTS;9995;30;;;;;10005;30;;;;;10000.0;376.0
1;30500;AMETHYSTS;9996;2;9995;28;;;10004;2;10005;28;;;10000.0;376.0
1;30500;STARFRUIT;5058;5;5057;30;;;5064;30;;;;;5061.0;79.3125
1;30600;STARFRUIT;5057;32;;;;;5062;7;5064;32;;;5059.5;77.6875
1;30600;AMETHYSTS;10002;1;9996;2;9995;30;10004;2;10005;30;;;10003.0;376.0
1;30700;STARFRUIT;5057;29;;;;;5064;29;;;;;5060.5;80.5390625
1;30700;AMETHYSTS;9996;2;9995;27;;;10004;2;10005;27;;;10000.0;378.0
1;30800;STARFRUIT;5057;31;;;;;5064;31;;;;;5060.5;85.796875
1;30800;AMETHYSTS;9998;8;9996;2;9995;29;10004;2;10005;29;;;10001.0;378.0
1;30900;AMETHYSTS;9995;21;;;;;10005;21;;;;;10000.0;378.0
1;30900;STARFRUIT;5057;21;;;;;5062;7;5064;21;;;5059.5;78.515625
1;31000;STARFRUIT;5064;1;5063;5;5058;28;5065;28;;;;;5064.5;60.1328125
1;31000;AMETHYSTS;9996;2;9995;26;;;10002;2;10004;2;10005;26;9999.0;378.0
1;31100;STARFRUIT;5058;23;;;;;5059;9;5065;23;;;5058.5;58.859375
1;31100;AMETHYSTS;10002;1;9995;23;;;10005;23;;;;;10003.5;379.0
1;31200;STARFRUIT;5058;22;;;;;5059;1;5063;8;5065;22;5058.5;81.8984375
1;31200;AMETHYSTS;9996;1;9995;21;;;10002;6;10004;1;10005;21;9999.0;381.0
1;31300;AMETHYSTS;9996;2;9995;20;;;10004;2;10005;20;;;10000.0;393.0
1;31300;STARFRUIT;5059;2;5058;20;;;5065;2;5066;20;;;5062.0;80.8359375
1;31400;STARFRUIT;5058;22;;;;;5065;22;;;;;5061.5;81.9765625
1;31400;AMETHYSTS;9995;22;;;;;10005;22;;;;;10000.0;393.0
1;31500;STARFRUIT;5059;22;;;;;5065;1;5066;21;;;5062.0;80.14453125
1;31500;AMETHYSTS;9996;1;9995;21;;;10004;1;10005;21;;;10000.0;393.0
1;31600;STARFRUIT;5059;24;;;;;5066;24;;;;;5062.5;76.078125
1;31600;AMETHYSTS;9995;24;;;;;9998;3;10005;24;;;9996.5;393.0
1;31700;AMETHYSTS;9995;29;;;;;10002;3;10005;29;;;9998.5;399.0
1;31700;STARFRUIT;5059;29;;;;;5066;29;;;;;5062.5;79.3984375
1;31800;STARFRUIT;5064;2;5059;24;;;5066;24;;;;;5065.0;74.515625
1;31800;AMETHYSTS;9996;2;9995;22;;;10002;2;10004;2;10005;22;9999.0;402.0
1;31900;STARFRUIT;5060;6;5059;28;;;5066;28;;;;;5063.0;80.6015625
1;31900;AMETHYSTS;9996;2;9995;26;;;10004;2;10005;26;;;10000.0;402.0
1;32000;AMETHYSTS;9996;2;9995;20;;;10002;10;10004;2;10005;20;9999.0;402.0
1;32000;STARFRUIT;5059;22;;;;;5066;22;;;;;5062.5;77.015625
1;32100;STARFRUIT;5059;25;;;;;5066;25;;;;;5062.5;80.8125
1;32100;AMETHYSTS;9998;9;9995;25;;;10005;25;;;;;10001.5;402.0
1;32200;STARFRUIT;5059;25;;;;;5066;25;;;;;5062.5;81.3046875
1;32200;AMETHYSTS;9996;1;9995;24;;;10002;5;10004;1;10005;24;9999.0;404.0
1;32300;STARFRUIT;5062;3;5059;32;;;5066;32;;;;;5064.0;83.71875
1;32300;AMETHYSTS;10000;3;9996;2;9995;30;10004;2;10005;30;;;10002.0;404.0
1;32400;AMETHYSTS;9998;2;9995;29;;;10005;29;;;;;10001.5;404.0
1;32400;STARFRUIT;5059;29;;;;;5066;29;;;;;5062.5;83.79296875
1;32500;STARFRUIT;5060;1;5059;26;;;5066;26;;;;;5063.0;82.99609375
1;32500;AMETHYSTS;10002;1;9996;2;9995;24;10004;2;10005;24;;;10003.0;404.0
1;32600;STARFRUIT;5059;28;;;;;5066;28;;;;;5062.5;84.712890625
1;32600;AMETHYSTS;9998;1;9996;2;9995;26;10004;2;10005;26;;;10001.0;406.0
1;32700;STARFRUIT;5059;32;;;;;5065;2;5066;30;;;5062.0;86.1640625
1;32700;AMETHYSTS;9996;2;9995;30;;;10004;2;10005;30;;;10000.0;406.0
1;32800;AMETHYSTS;9995;29;;;;;10005;29;;;;;10000.0;406.0
1;32800;STARFRUIT;5058;29;;;;;5065;29;;;;;5061.5;76.396484375
1;32900;STARFRUIT;5059;21;;;;;5066;21;;;;;5062.5;79.0078125
1;32900;AMETHYSTS;9996;1;9995;20;;;10002;10;10004;1;10005;20;9999.0;406.0
1;33000;STARFRUIT;5058;28;;;;;5063;4;5065;28;;;5060.5;75.734375
1;33000;AMETHYSTS;9998;2;9995;28;;;10005;28;;;;;10001.5;406.0
1;33100;STARFRUIT;5059;1;5058;25;;;5065;26;;;;;5062.0;76.412109375
1;33100;AMETHYSTS;9996;1;9995;25;;;10004;1;10005;25;;;10000.0;406.0
1;33200;AMETHYSTS;9996;1;9995;23;;;10004;1;10005;23;;;10000.0;406.0
1;33200;STARFRUIT;5058;24;;;;;5063;5;5065;24;;;5060.5;75.33984375
1;33300;STARFRUIT;5058;31;;;;;5065;31;;;;;5061.5;75.5546875
1;33300;AMETHYSTS;9996;1;9995;30;;;10002;1;10004;1;10005;30;9999.0;406.0
1;33400;STARFRUIT;5059;20;;;;;5064;2;5066;20;;;5061.5;78.142578125
1;33400;AMETHYSTS;9995;20;;;;;10005;20;;;;;10000.0;406.0
1;33500;STARFRUIT;5059;23;;;;;5065;2;5066;21;;;5062.0;77.763671875
1;33500;AMETHYSTS;9996;2;9995;21;;;10002;4;10004;2;10005;21;9999.0;406.0
1;33600;AMETHYSTS;9995;27;;;;;9998;2;10005;27;;;9996.5;406.0
1;33600;STARFRUIT;5058;27;;;;;5065;27;;;;;5061.5;76.7734375
1;33700;STARFRUIT;5058;1;5057;25;;;5062;6;5064;26;;;5060.0;71.626953125
1;33700;AMETHYSTS;9996;1;9995;25;;;10004;1;10005;25;;;10000.0;410.0
1;33800;STARFRUIT;5058;21;;;;;5065;21;;;;;5061.5;72.185546875
1;33800;AMETHYSTS;9995;21;;;;;10002;4;10005;21;;;9998.5;410.0
1;33900;STARFRUIT;5058;1;5057;27;;;5064;28;;;;;5061.0;71.3046875
1;33900;AMETHYSTS;9996;1;9995;27;;;10004;1;10005;27;;;10000.0;410.0
1;34000;AMETHYSTS;9996;2;9995;28;;;10004;2;10005;28;;;10000.0;410.0
1;34000;STARFRUIT;5063;1;5058;2;5057;28;5064;30;;;;;5063.5;71.4140625
1;34100;STARFRUIT;5057;27;;;;;5064;27;;;;;5060.5;71.994140625
1;34100;AMETHYSTS;9996;2;9995;25;;;10004;2;10005;25;;;10000.0;410.0
1;34200;AMETHYSTS;9996;2;9995;30;;;10002;2;10004;2;10005;30;9999.0;410.0
1;34200;STARFRUIT;5057;32;;;;;5063;2;5064;30;;;5060.0;70.169921875
1;34300;AMETHYSTS;9996;1;9995;28;;;10004;1;10005;28;;;10000.0;410.0
1;34300;STARFRUIT;5057;29;;;;;5058;1;5064;29;;;5057.5;72.720703125
1;34400;AMETHYSTS;9996;2;9995;28;;;10004;2;10005;28;;;10000.0;410.0
1;34400;STARFRUIT;5058;30;;;;;5065;30;;;;;5061.5;78.466796875
1;34500;STARFRUIT;5058;24;;;;;5064;2;5065;22;;;5061.0;77.8671875
1;34500;AMETHYSTS;9996;2;9995;22;;;10004;2;10005;22;;;10000.0;410.0
1;34600;AMETHYSTS;9995;24;;;;;10005;24;;;;;10000.0;410.0
1;34600;STARFRUIT;5058;24;;;;;5065;24;;;;;5061.5;78.76171875
1;34700;AMETHYSTS;9996;2;9995;23;;;10004;2;10005;23;;;10000.0;410.0
1;34700;STARFRUIT;5058;7;5057;25;;;5064;25;;;;;5061.0;94.0546875
1;34800;AMETHYSTS;9998;3;9996;2;9995;22;10004;2;10005;22;;;10001.0;410.0
1;34800;STARFRUIT;5057;24;;;;;5058;10;5064;24;;;5057.5;96.2421875
1;34900;STARFRUIT;5056;24;;;;;5063;24;;;;;5059.5;119.88818359375
1;34900;AMETHYSTS;9995;24;;;;;10005;24;;;;;10000.0;410.0
1;35000;AMETHYSTS;9995;29;;;;;10005;29;;;;;10000.0;410.0
1;35000;STARFRUIT;5056;29;;;;;5063;29;;;;;5059.5;119.42236328125
1;35100;AMETHYSTS;9996;2;9995;21;;;10004;2;10005;21;;;10000.0;410.0
1;35100;STARFRUIT;5056;23;;;;;5063;23;;;;;5059.5;119.408203125
1;35200;AMETHYSTS;9995;24;;;;;10005;24;;;;;10000.0;410.0
1;35200;STARFRUIT;5056;24;;;;;5061;3;5063;24;;;5058.5;119.18701171875
1;35300;STARFRUIT;5057;8;5056;23;;;5062;1;5063;22;;;5059.5;119.095703125
1;35300;AMETHYSTS;9998;8;9996;1;9995;22;10004;1;10005;22;;;10001.0;410.0
1;35400;AMETHYSTS;10002;1;9996;2;9995;25;10004;2;10005;25;;;10003.0;410.0
1;35400;STARFRUIT;5056;27;;;;;5062;2;5063;25;;;5059.0;119.09130859375
1;35500;AMETHYSTS;9996;2;9995;27;;;10004;2;10005;27;;;10000.0;414.0
1;35500;STARFRUIT;5055;29;;;;;5062;29;;;;;5058.5;118.5830078125
1;35600;AMETHYSTS;9996;1;9995;23;;;10002;3;10004;1;10005;23;9999.0;414.0
1;35600;STARFRUIT;5055;24;;;;;5061;1;5062;23;;;5058.0;118.14599609375
1;35700;STARFRUIT;5055;2;5054;29;;;5061;31;;;;;5058.0;117.8798828125
1;35700;AMETHYSTS;9996;2;9995;29;;;10002;9;10004;2;10005;29;9999.0;414.0
1;35800;AMETHYSTS;9996;2;9995;21;;;10004;2;10005;21;;;10000.0;414.0
1;35800;STARFRUIT;5056;6;5055;23;;;5061;2;5062;21;;;5058.5;138.6640625
1;35900;AMETHYSTS;9996;2;9995;28;;;10004;2;10005;28;;;10000.0;414.0
1;35900;STARFRUIT;5055;2;5054;28;;;5061;30;;;;;5058.0;140.703125
1;36000;AMETHYSTS;9995;30;;;;;10000;2;10002;9;10005;30;9997.5;414.0
1;36000;STARFRUIT;5054;30;;;;;5057;2;5059;2;5061;30;5055.5;141.390625
1;36100;STARFRUIT;5055;2;5054;21;;;5059;6;5061;23;;;5057.0;140.546875
1;36100;AMETHYSTS;9998;7;9996;2;9995;21;10004;2;10005;21;;;10001.0;414.0
1;36200;AMETHYSTS;9998;5;9996;1;9995;29;10004;1;10005;29;;;10001.0;414.0
1;36200;STARFRUIT;5055;1;5054;29;;;5061;30;;;;;5058.0;141.15234375
1;36300;AMETHYSTS;9996;1;9995;30;;;10004;1;10005;30;;;10000.0;414.0
1;36300;STARFRUIT;5054;31;;;;;5060;1;5061;30;;;5057.0;148.3671875
1;36400;STARFRUIT;5055;1;5054;29;;;5061;29;;;;;5058.0;143.02734375
1;36400;AMETHYSTS;9996;1;9995;28;;;10002;8;10004;1;10005;28;9999.0;414.0
1;36500;STARFRUIT;5055;28;;;;;5062;29;;;;;5058.5;137.3359375
1;36500;AMETHYSTS;9996;2;9995;27;;;10004;2;10005;27;;;10000.0;414.0
1;36600;STARFRUIT;5055;31;;;;;5058;2;5062;31;;;5056.5;135.68359375
1;36600;AMETHYSTS;9996;1;9995;30;;;10000;2;10004;1;10005;30;9998.0;414.0
1;36700;AMETHYSTS;10002;1;9996;1;9995;21;10004;1;10005;21;;;10003.0;414.0
1;36700;STARFRUIT;5055;22;;;;;5061;1;5062;21;;;5058.0;138.5859375
1;36800;STARFRUIT;5055;2;5054;23;;;5061;25;;;;;5058.0;141.3671875
1;36800;AMETHYSTS;9996;2;9995;23;;;10004;2;10005;23;;;10000.0;416.0
1;36900;STARFRUIT;5054;22;;;;;5061;22;;;;;5057.5;144.125
1;36900;AMETHYSTS;9998;6;9995;22;;;10005;22;;;;;10001.5;416.0
1;37000;STARFRUIT;5055;2;5054;20;;;5061;22;;;;;5058.0;141.25
1;37000;AMETHYSTS;9996;2;9995;20;;;10004;2;10005;20;;;10000.0;416.0
1;37100;AMETHYSTS;10000;5;9995;24;;;10005;24;;;;;10002.5;416.0
1;37100;STARFRUIT;5057;5;5054;24;;;5061;24;;;;;5059.0;140.4296875
1;37200;STARFRUIT;5055;2;5054;27;;;5061;2;5062;27;;;5058.0;140.29296875
1;37200;AMETHYSTS;9996;2;9995;27;;;10004;2;10005;27;;;10000.0;416.0
1;37300;STARFRUIT;5055;1;5054;22;;;5059;4;5061;23;;;5057.0;140.765625
1;37300;AMETHYSTS;9996;1;9995;22;;;10004;1;10005;22;;;10000.0;416.0
1;37400;STARFRUIT;5055;4;5054;22;;;5062;22;;;;;5058.5;140.25390625
1;37400;AMETHYSTS;9995;22;;;;;10005;22;;;;;10000.0;419.0
1;37500;AMETHYSTS;10000;5;9996;1;9995;30;10004;1;10005;30;;;10002.0;419.0
1;37500;STARFRUIT;5058;5;5055;31;;;5062;31;;;;;5060.0;137.296875
1;37600;STARFRUIT;5055;25;;;;;5060;5;5062;25;;;5057.5;137.8125
1;37600;AMETHYSTS;9996;1;9995;24;;;10004;1;10005;24;;;10000.0;419.0
1;37700;STARFRUIT;5054;20;;;;;5061;20;;;;;5057.5;149.11669921875
1;37700;AMETHYSTS;10002;1;9995;20;;;10005;20;;;;;10003.5;419.0
1;37800;STARFRUIT;5055;25;;;;;5062;25;;;;;5058.5;148.2646484375
1;37800;AMETHYSTS;9996;2;9995;23;;;10004;2;10005;23;;;10000.0;421.0
1;37900;AMETHYSTS;9996;2;9995;27;;;10004;2;10005;27;;;10000.0;421.0
1;37900;STARFRUIT;5055;29;;;;;5062;29;;;;;5058.5;148.75634765625
1;38000;STARFRUIT;5055;30;;;;;5062;30;;;;;5058.5;148.47119140625
1;38000;AMETHYSTS;9998;3;9995;30;;;10005;30;;;;;10001.5;421.0
1;38100;STARFRUIT;5055;29;;;;;5060;4;5062;29;;;5057.5;148.240234375
1;38100;AMETHYSTS;9998;4;9996;1;9995;28;10004;1;10005;28;;;10001.0;421.0
1;38200;STARFRUIT;5055;31;;;;;5062;31;;;;;5058.5;148.62158203125
1;38200;AMETHYSTS;9998;4;9996;2;9995;29;10004;2;10005;29;;;10001.0;421.0
1;38300;AMETHYSTS;9995;22;;;;;10005;22;;;;;10000.0;421.0
1;38300;STARFRUIT;5056;5;5055;22;;;5062;22;;;;;5059.0;148.5185546875
1;38400;STARFRUIT;5055;31;;;;;5056;4;5061;2;5062;29;5055.5;148.837890625
1;38400;AMETHYSTS;9996;2;9995;29;;;10004;2;10005;29;;;10000.0;421.0
1;38500;STARFRUIT;5055;24;;;;;5061;2;5062;22;;;5058.0;157.205078125
1;38500;AMETHYSTS;9996;2;9995;22;;;10004;2;10005;22;;;10000.0;421.0
1;38600;STARFRUIT;5055;31;;;;;5062;31;;;;;5058.5;158.5263671875
1;38600;AMETHYSTS;10002;1;9996;2;9995;29;10004;2;10005;29;;;10003.0;421.0
1;38700;AMETHYSTS;9996;2;9995;20;;;10004;2;10005;20;;;10000.0;423.0
1;38700;STARFRUIT;5056;21;;;;;5063;22;;;;;5059.5;160.7353515625
1;38800;STARFRUIT;5056;2;5055;25;;;5060;2;5062;27;;;5058.0;159.435546875
1;38800;AMETHYSTS;9996;2;9995;25;;;10004;2;10005;25;;;10000.0;423.0
1;38900;STARFRUIT;5056;2;5055;23;;;5062;2;5063;23;;;5059.0;159.97265625
1;38900;AMETHYSTS;9996;2;9995;23;;;10004;2;10005;23;;;10000.0;423.0
1;39000;STARFRUIT;5056;24;;;;;5059;3;5061;6;5062;1;5057.5;160.119140625
1;39000;AMETHYSTS;9996;1;9995;23;;;10000;3;10004;1;10005;23;9998.0;423.0
1;39100;AMETHYSTS;9996;2;9995;28;;;9998;3;10004;2;10005;28;9997.0;423.0
1;39100;STARFRUIT;5057;8;5056;30;;;5062;2;5063;28;;;5059.5;160.232421875
1;39200;STARFRUIT;5056;5;5055;21;;;5058;4;5062;21;;;5057.0;160.8447265625
1;39200;AMETHYSTS;9995;21;;;;;10000;4;10005;21;;;9997.5;429.0
1;39300;STARFRUIT;5056;24;;;;;5063;24;;;;;5059.5;161.2060546875
1;39300;AMETHYSTS;9995;24;;;;;10005;24;;;;;10000.0;431.0
1;39400;STARFRUIT;5056;21;;;;;5063;21;;;;;5059.5;161.5751953125
1;39400;AMETHYSTS;9995;21;;;;;10005;21;;;;;10000.0;431.0
1;39500;AMETHYSTS;9995;29;;;;;10005;29;;;;;10000.0;431.0
1;39500;STARFRUIT;5056;29;;;;;5061;3;5063;29;;;5058.5;161.625
1;39600;STARFRUIT;5056;31;;;;;5063;31;;;;;5059.5;161.4794921875
1;39600;AMETHYSTS;9996;1;9995;30;;;10004;1;10005;30;;;10000.0;431.0
1;39700;STARFRUIT;5055;29;;;;;5058;6;5062;30;;;5056.5;160.8388671875
1;39700;AMETHYSTS;9996;1;9995;29;;;10000;6;10004;1;10005;29;9998.0;431.0
1;39800;STARFRUIT;5055;24;;;;;5062;24;;;;;5058.5;159.8154296875
1;39800;AMETHYSTS;9996;2;9995;22;;;9998;1;10004;2;10005;22;9997.0;431.0
1;39900;AMETHYSTS;9998;10;9996;1;9995;28;10004;1;10005;28;;;10001.0;433.0
1;39900;STARFRUIT;5055;29;;;;;5060;7;5061;1;5062;28;5057.5;159.1357421875
1;40000;STARFRUIT;5055;1;5054;25;;;5061;1;5062;25;;;5058.0;158.998046875
1;40000;AMETHYSTS;10002;11;9996;1;9995;25;10004;1;10005;25;;;10003.0;433.0
1;40100;STARFRUIT;5055;30;;;;;5060;4;5062;30;;;5057.5;159.1650390625
1;40100;AMETHYSTS;9995;30;;;;;10005;30;;;;;10000.0;455.0
1;40200;STARFRUIT;5055;25;;;;;5062;25;;;;;5058.5;159.8349609375
1;40200;AMETHYSTS;9996;1;9995;24;;;10002;7;10004;1;10005;24;9999.0;455.0
1;40300;AMETHYSTS;10002;4;9996;1;9995;29;10004;1;10005;29;;;10003.0;455.0
1;40300;STARFRUIT;5055;30;;;;;5062;30;;;;;5058.5;168.83984375
1;40400;STARFRUIT;5055;25;;;;;5062;25;;;;;5058.5;168.484375
1;40400;AMETHYSTS;9996;2;9995;23;;;10004;2;10005;23;;;10000.0;463.0
1;40500;STARFRUIT;5054;22;;;;;5061;22;;;;;5057.5;172.69140625
1;40500;AMETHYSTS;9996;1;9995;21;;;10004;1;10005;21;;;10000.0;463.0
1;40600;STARFRUIT;5054;28;;;;;5061;28;;;;;5057.5;171.24609375
1;40600;AMETHYSTS;10002;1;9995;28;;;10005;28;;;;;10003.5;463.0
1;40700;AMETHYSTS;9998;10;9996;1;9995;29;10004;1;10005;29;;;10001.0;465.0
1;40700;STARFRUIT;5061;1;5056;6;5055;30;5062;30;;;;;5061.5;169.009765625
1;40800;STARFRUIT;5055;21;;;;;5062;21;;;;;5058.5;172.01171875
1;40800;AMETHYSTS;9995;21;;;;;10005;21;;;;;10000.0;465.0
1;40900;STARFRUIT;5056;3;5054;25;;;5062;25;;;;;5059.0;173.880859375
1;40900;AMETHYSTS;9998;2;9995;25;;;10005;25;;;;;10001.5;465.0
1;41000;AMETHYSTS;9998;10;9996;1;9995;20;10000;2;10004;1;10005;20;9999.0;465.0
1;41000;STARFRUIT;5055;21;;;;;5058;2;5060;7;5062;21;5056.5;172.173828125
1;41100;STARFRUIT;5055;2;5054;23;;;5061;2;5062;23;;;5058.0;174.0546875
1;41100;AMETHYSTS;9996;2;9995;23;;;10004;2;10005;23;;;10000.0;465.0
1;41200;STARFRUIT;5055;20;;;;;5062;20;;;;;5058.5;171.6328125
1;41200;AMETHYSTS;9995;20;;;;;10005;20;;;;;10000.0;465.0
1;41300;STARFRUIT;5055;8;5054;27;;;5062;27;;;;;5058.5;173.958984375
1;41300;AMETHYSTS;9995;27;;;;;10005;27;;;;;10000.0;465.0
1;41400;AMETHYSTS;9996;1;9995;29;;;10004;1;10005;29;;;10000.0;465.0
1;41400;STARFRUIT;5055;5;5054;30;;;5056;5;5061;30;;;5055.5;176.359375
1;41500;STARFRUIT;5055;7;5054;31;;;5060;2;5061;29;;;5057.5;184.0
1;41500;AMETHYSTS;9996;2;9995;29;;;10004;2;10005;29;;;10000.0;465.0
1;41600;STARFRUIT;5053;26;;;;;5060;26;;;;;5056.5;184.0
1;41600;AMETHYSTS;9995;26;;;;;10005;26;;;;;10000.0;465.0
1;41700;STARFRUIT;5058;2;5053;23;;;5060;23;;;;;5059.0;184.0
1;41700;AMETHYSTS;9995;23;;;;;10005;23;;;;;10000.0;465.0
1;41800;AMETHYSTS;9996;1;9995;21;;;10004;1;10005;21;;;10000.0;465.0
1;41800;STARFRUIT;5053;21;;;;;5060;1;5061;21;;;5056.5;184.0
1;41900;STARFRUIT;5054;28;;;;;5061;28;;;;;5057.5;184.0
1;41900;AMETHYSTS;9995;28;;;;;10002;8;10005;28;;;9998.5;465.0
1;42000;STARFRUIT;5055;28;;;;;5062;28;;;;;5058.5;184.0
1;42000;AMETHYSTS;9996;1;9995;27;;;9998;1;10004;1;10005;27;9997.0;465.0
1;42100;STARFRUIT;5057;7;5056;22;;;5063;22;;;;;5060.0;184.0
1;42100;AMETHYSTS;10002;2;9995;22;;;10005;22;;;;;10003.5;467.0
1;42200;AMETHYSTS;9995;22;;;;;10005;22;;;;;10000.0;471.0
1;42200;STARFRUIT;5056;22;;;;;5063;22;;;;;5059.5;184.0
1;42300;STARFRUIT;5056;2;5055;20;;;5062;22;;;;;5059.0;184.0
1;42300;AMETHYSTS;9996;2;9995;20;;;10004;2;10005;20;;;10000.0;471.0
1;42400;STARFRUIT;5055;28;;;;;5062;28;;;;;5058.5;184.0
1;42400;AMETHYSTS;9996;2;9995;26;;;10002;2;10004;2;10005;26;9999.0;471.0
1;42500;STARFRUIT;5055;24;;;;;5060;2;5062;24;;;5057.5;184.0
1;42500;AMETHYSTS;9995;24;;;;;10005;24;;;;;10000.0;472.0
1;42600;AMETHYSTS;9995;28;;;;;10005;28;;;;;10000.0;472.0
1;42600;STARFRUIT;5060;1;5055;28;;;5062;28;;;;;5061.0;184.0
1;42700;STARFRUIT;5055;1;5054;23;;;5061;24;;;;;5058.0;186.19287109375
1;42700;AMETHYSTS;9996;1;9995;23;;;10004;1;10005;23;;;10000.0;472.0
1;42800;STARFRUIT;5054;29;;;;;5058;2;5062;29;;;5056.0;185.99365234375
1;42800;AMETHYSTS;9995;29;;;;;10000;2;10005;29;;;9997.5;472.0
1;42900;STARFRUIT;5054;20;;;;;5061;20;;;;;5057.5;186.82763671875
1;42900;AMETHYSTS;10002;5;9995;20;;;10005;20;;;;;10003.5;472.0
1;43000;AMETHYSTS;9996;1;9995;26;;;10002;6;10004;1;10005;26;9999.0;482.0
1;43000;STARFRUIT;5054;27;;;;;5061;27;;;;;5057.5;186.4658203125
1;43100;STARFRUIT;5054;25;;;;;5061;25;;;;;5057.5;186.6513671875
1;43100;AMETHYSTS;9998;9;9996;1;9995;24;10004;1;10005;24;;;10001.0;482.0
1;43200;AMETHYSTS;9996;2;9995;29;;;10002;5;10004;2;10005;29;9999.0;482.0
1;43200;STARFRUIT;5054;2;5053;29;;;5060;2;5061;29;;;5057.0;186.99658203125
1;43300;AMETHYSTS;9998;10;9995;20;;;10005;20;;;;;10001.5;485.0
1;43300;STARFRUIT;5059;1;5053;20;;;5061;20;;;;;5060.0;186.99072265625
1;43400;AMETHYSTS;9996;2;9995;22;;;10004;2;10005;22;;;10000.0;485.0
1;43400;STARFRUIT;5054;24;;;;;5060;2;5061;22;;;5057.0;188.78125
1;43500;STARFRUIT;5055;6;5054;25;;;5061;25;;;;;5058.0;187.6865234375
1;43500;AMETHYSTS;9996;1;9995;24;;;10002;7;10004;1;10005;24;9999.0;485.0
1;43600;AMETHYSTS;9995;22;;;;;10002;5;10005;22;;;9998.5;485.0
1;43600;STARFRUIT;5054;22;;;;;5059;1;5061;22;;;5056.5;188.5380859375
1;43700;AMETHYSTS;9996;1;9995;29;;;10002;6;10004;1;10005;29;9999.0;485.0
1;43700;STARFRUIT;5054;1;5053;29;;;5060;30;;;;;5057.0;189.212890625
1;43800;AMETHYSTS;9996;1;9995;22;;;10004;1;10005;22;;;10000.0;485.0
1;43800;STARFRUIT;5053;23;;;;;5060;23;;;;;5056.5;190.0341796875
1;43900;STARFRUIT;5053;8;5052;24;;;5059;26;;;;;5056.0;191.09765625
1;43900;AMETHYSTS;9996;2;9995;24;;;10002;2;10004;2;10005;24;9999.0;485.0
1;44000;AMETHYSTS;10002;4;9998;10;9996;2;10004;2;10005;25;;;10003.0;485.0
1;44000;STARFRUIT;5053;27;;;;;5059;2;5060;25;;;5056.0;190.5693359375
1;44100;AMETHYSTS;9996;2;9995;22;;;10004;2;10005;22;;;10000.0;493.0
1;44100;STARFRUIT;5053;24;;;;;5058;4;5060;24;;;5055.5;189.8427734375
1;44200;AMETHYSTS;9995;24;;;;;10005;24;;;;;10000.0;493.0
1;44200;STARFRUIT;5053;24;;;;;5060;24;;;;;5056.5;189.7900390625
1;44300;STARFRUIT;5053;26;;;;;5060;26;;;;;5056.5;189.720703125
1;44300;AMETHYSTS;9996;2;9995;24;;;9998;2;10004;2;10005;24;9997.0;493.0
1;44400;AMETHYSTS;9996;1;9995;25;;;10002;7;10004;1;10005;25;9999.0;497.0
1;44400;STARFRUIT;5054;1;5053;26;;;5060;26;;;;;5057.0;190.0458984375
1;44500;AMETHYSTS;9995;30;;;;;10005;30;;;;;10000.0;497.0
1;44500;STARFRUIT;5053;30;;;;;5060;30;;;;;5056.5;189.6142578125
1;44600;AMETHYSTS;9996;1;9995;21;;;10004;1;10005;21;;;10000.0;497.0
1;44600;STARFRUIT;5054;22;;;;;5060;1;5061;21;;;5057.0;188.755859375
1;44700;STARFRUIT;5054;27;;;;;5059;6;5061;27;;;5056.5;187.96875
1;44700;AMETHYSTS;9996;2;9995;25;;;10004;2;10005;25;;;10000.0;497.0
1;44800;AMETHYSTS;9995;25;;;;;10005;25;;;;;10000.0;497.0
1;44800;STARFRUIT;5054;25;;;;;5059;3;5061;25;;;5056.5;187.7646484375
1;44900;AMETHYSTS;9996;2;9995;21;;;10004;2;10005;21;;;10000.0;497.0
1;44900;STARFRUIT;5054;23;;;;;5060;2;5061;21;;;5057.0;188.5703125
1;45000;AMETHYSTS;9996;1;9995;27;;;10004;1;10005;27;;;10000.0;497.0
1;45000;STARFRUIT;5054;28;;;;;5055;1;5061;28;;;5054.5;187.908203125
1;45100;STARFRUIT;5053;27;;;;;5060;27;;;;;5056.5;191.146484375
1;45100;AMETHYSTS;9995;27;;;;;9998;1;10005;27;;;9996.5;497.0
1;45200;AMETHYSTS;10002;1;9996;1;9995;20;10004;1;10005;20;;;10003.0;499.0
1;45200;STARFRUIT;5053;20;;;;;5060;1;5061;20;;;5056.5;191.029296875
1;45300;AMETHYSTS;9995;23;;;;;10005;23;;;;;10000.0;501.0
1;45300;STARFRUIT;5053;23;;;;;5054;1;5060;23;;;5053.5;191.0634765625
1;45400;STARFRUIT;5054;25;;;;;5061;25;;;;;5057.5;194.0
1;45400;AMETHYSTS;9998;4;9995;25;;;10005;25;;;;;10001.5;501.0
1;45500;STARFRUIT;5054;21;;;;;5055;3;5060;1;5061;20;5054.5;194.0
1;45500;AMETHYSTS;9996;1;9995;20;;;9998;3;10004;1;10005;20;9997.0;501.0
1;45600;STARFRUIT;5054;1;5053;23;;;5059;6;5060;1;5061;23;5056.5;199.9609375
1;45600;AMETHYSTS;9996;1;9995;23;;;10004;1;10005;23;;;10000.0;507.0
1;45700;AMETHYSTS;10002;1;9996;2;9995;21;10004;2;10005;21;;;10003.0;507.0
1;45700;STARFRUIT;5054;23;;;;;5061;23;;;;;5057.5;201.07421875
1;45800;STARFRUIT;5057;5;5054;32;;;5061;32;;;;;5059.0;201.666015625
1;45800;AMETHYSTS;10000;5;9998;7;9996;2;10004;2;10005;30;;;10002.0;509.0
1;45900;STARFRUIT;5054;26;;;;;5055;1;5061;26;;;5054.5;201.7265625
1;45900;AMETHYSTS;9998;8;9996;1;9995;25;10004;1;10005;25;;;10001.0;509.0
1;46000;STARFRUIT;5054;23;;;;;5061;23;;;;;5057.5;193.46875
1;46000;AMETHYSTS;9995;23;;;;;9998;1;10005;23;;;9996.5;509.0
1;46100;AMETHYSTS;9995;25;;;;;10005;25;;;;;10000.0;511.0
1;46100;STARFRUIT;5055;4;5054;25;;;5061;25;;;;;5058.0;199.375
1;46200;STARFRUIT;5054;4;5053;24;;;5060;24;;;;;5057.0;204.359375
1;46200;AMETHYSTS;9995;24;;;;;10005;24;;;;;10000.0;511.0
1;46300;STARFRUIT;5054;28;;;;;5060;2;5061;26;;;5057.0;199.875
1;46300;AMETHYSTS;9996;2;9995;26;;;10004;2;10005;26;;;10000.0;511.0
1;46400;STARFRUIT;5059;1;5054;24;;;5061;24;;;;;5060.0;200.7109375
1;46400;AMETHYSTS;9995;24;;;;;10005;24;;;;;10000.0;511.0
1;46500;AMETHYSTS;9996;1;9995;29;;;9998;1;10004;1;10005;29;9997.0;511.0
1;46500;STARFRUIT;5058;2;5054;30;;;5061;30;;;;;5059.5;196.734375
1;46600;STARFRUIT;5060;1;5055;4;5054;28;5061;28;;;;;5060.5;192.3671875
1;46600;AMETHYSTS;9998;1;9995;28;;;10005;28;;;;;10001.5;513.0
1;46700;STARFRUIT;5055;30;;;;;5061;1;5062;29;;;5058.0;181.1875
1;46700;AMETHYSTS;9996;1;9995;29;;;10004;1;10005;29;;;10000.0;513.0
1;46800;STARFRUIT;5055;25;;;;;5062;25;;;;;5058.5;182.09375
1;46800;AMETHYSTS;9995;25;;;;;10005;25;;;;;10000.0;513.0
1;46900;AMETHYSTS;9996;1;9995;29;;;10002;3;10004;1;10005;29;9999.0;513.0
1;46900;STARFRUIT;5054;30;;;;;5055;10;5061;30;;;5054.5;198.28125
1;47000;STARFRUIT;5054;23;;;;;5061;23;;;;;5057.5;220.953125
1;47000;AMETHYSTS;9996;1;9995;22;;;10004;1;10005;22;;;10000.0;513.0
1;47100;STARFRUIT;5053;22;;;;;5060;22;;;;;5056.5;224.52734375
1;47100;AMETHYSTS;9995;22;;;;;9998;1;10005;22;;;9996.5;513.0
1;47200;STARFRUIT;5059;1;5053;23;;;5060;23;;;;;5059.5;227.71484375
1;47200;AMETHYSTS;9996;2;9995;21;;;10004;2;10005;21;;;10000.0;515.0
1;47300;AMETHYSTS;9995;21;;;;;10005;21;;;;;10000.0;515.0
1;47300;STARFRUIT;5055;5;5054;21;;;5061;21;;;;;5058.0;222.1484375
1;47400;STARFRUIT;5059;5;5054;22;;;5061;22;;;;;5060.0;224.125
1;47400;AMETHYSTS;9998;7;9995;22;;;10005;22;;;;;10001.5;515.0
1;47500;STARFRUIT;5054;22;;;;;5059;5;5061;22;;;5056.5;230.25
1;47500;AMETHYSTS;9996;1;9995;21;;;9998;1;10004;1;10005;21;9997.0;515.0
1;47600;STARFRUIT;5054;21;;;;;5062;21;;;;;5058.0;219.703125
1;47600;AMETHYSTS;9998;5;9995;21;;;10005;21;;;;;10001.5;517.0
1;47700;AMETHYSTS;9998;1;9995;23;;;10005;23;;;;;10001.5;517.0
1;47700;STARFRUIT;5055;23;;;;;5060;4;5062;23;;;5057.5;207.2265625
1;47800;STARFRUIT;5056;20;;;;;5061;7;5063;20;;;5058.5;233.630859375
1;47800;AMETHYSTS;9995;20;;;;;10005;20;;;;;10000.0;517.0
1;47900;STARFRUIT;5056;23;;;;;5063;23;;;;;5059.5;232.63671875
1;47900;AMETHYSTS;9995;23;;;;;10005;23;;;;;10000.0;517.0
1;48000;STARFRUIT;5056;27;;;;;5062;1;5063;26;;;5059.0;233.27734375
1;48000;AMETHYSTS;10002;2;9996;1;9995;26;10004;1;10005;26;;;10003.0;517.0
1;48100;AMETHYSTS;9996;1;9995;29;;;10004;1;10005;29;;;10000.0;521.0
1;48100;STARFRUIT;5056;30;;;;;5061;1;5063;30;;;5058.5;231.578125
1;48200;STARFRUIT;5057;1;5056;27;;;5063;27;;;;;5060.0;232.529296875
1;48200;AMETHYSTS;9996;1;9995;26;;;10004;1;10005;26;;;10000.0;521.0
1;48300;STARFRUIT;5055;21;;;;;5056;4;5061;1;5062;20;5055.5;239.71875
1;48300;AMETHYSTS;9998;4;9996;1;9995;20;10004;1;10005;20;;;10001.0;521.0
1;48400;STARFRUIT;5054;32;;;;;5059;6;5061;32;;;5056.5;248.9150390625
1;48400;AMETHYSTS;9996;2;9995;30;;;10004;2;10005;30;;;10000.0;521.0
1;48500;AMETHYSTS;9995;29;;;;;10005;29;;;;;10000.0;521.0
1;48500;STARFRUIT;5054;29;;;;;5061;29;;;;;5057.5;249.42578125
1;48600;STARFRUIT;5053;27;;;;;5060;27;;;;;5056.5;250.48828125
1;48600;AMETHYSTS;9996;1;9995;26;;;10004;1;10005;26;;;10000.0;521.0
1;48700;STARFRUIT;5054;23;;;;;5057;2;5061;23;;;5055.5;249.001953125
1;48700;AMETHYSTS;9996;1;9995;22;;;10000;2;10004;1;10005;22;9998.0;521.0
1;48800;STARFRUIT;5054;29;;;;;5061;29;;;;;5057.5;249.447265625
1;48800;AMETHYSTS;9996;1;9995;28;;;10004;1;10005;28;;;10000.0;521.0
1;48900;AMETHYSTS;9995;22;;;;;10005;22;;;;;10000.0;521.0
1;48900;STARFRUIT;5053;22;;;;;5054;1;5060;22;;;5053.5;250.8330078125
1;49000;STARFRUIT;5053;1;5052;28;;;5059;29;;;;;5056.0;254.1396484375
1;49000;AMETHYSTS;9996;1;9995;28;;;10004;1;10005;28;;;10000.0;521.0
1;49100;STARFRUIT;5053;30;;;;;5060;30;;;;;5056.5;253.7529296875
1;49100;AMETHYSTS;9995;30;;;;;10005;30;;;;;10000.0;521.0
1;49200;STARFRUIT;5053;26;;;;;5060;26;;;;;5056.5;253.501953125
1;49200;AMETHYSTS;10002;3;9996;1;9995;25;10004;1;10005;25;;;10003.0;521.0
1;49300;AMETHYSTS;9998;3;9995;29;;;10005;29;;;;;10001.5;527.0
1;49300;STARFRUIT;5055;6;5054;29;;;5061;29;;;;;5058.0;252.79541015625
1;49400;STARFRUIT;5054;1;5053;22;;;5060;23;;;;;5057.0;253.04248046875
1;49400;AMETHYSTS;9996;1;9995;22;;;10004;1;10005;22;;;10000.0;527.0
1;49500;STARFRUIT;5054;25;;;;;5060;1;5061;24;;;5057.0;252.95654296875
1;49500;AMETHYSTS;9996;1;9995;24;;;10004;1;10005;24;;;10000.0;527.0
1;49600;STARFRUIT;5054;2;5053;28;;;5057;3;5060;2;5061;28;5055.5;252.9677734375
1;49600;AMETHYSTS;9996;2;9995;28;;;10000;3;10002;9;10004;2;9998.0;527.0
1;49700;AMETHYSTS;9995;21;;;;;10005;21;;;;;10000.0;527.0
1;49700;STARFRUIT;5058;1;5054;6;5053;21;5060;21;;;;;5059.0;253.55517578125
1;49800;STARFRUIT;5053;20;;;;;5054;1;5060;20;;;5053.5;254.10546875
1;49800;AMETHYSTS;9995;20;;;;;10002;7;10005;20;;;9998.5;527.0
1;49900;STARFRUIT;5054;6;5053;23;;;5060;1;5061;23;;;5057.0;256.99853515625
1;49900;AMETHYSTS;9996;1;9995;23;;;10004;1;10005;23;;;10000.0;527.0
1;50000;AMETHYSTS;9996;2;9995;24;;;10002;5;10004;2;10005;24;9999.0;527.0
1;50000;STARFRUIT;5054;2;5053;24;;;5060;26;;;;;5057.0;257.2041015625
1;50100;STARFRUIT;5054;2;5053;22;;;5060;24;;;;;5057.0;257.138671875
1;50100;AMETHYSTS;10002;4;9996;2;9995;22;10004;2;10005;22;;;10003.0;527.0
1;50200;STARFRUIT;5053;29;;;;;5060;29;;;;;5056.5;257.2548828125
1;50200;AMETHYSTS;9996;1;9995;28;;;10004;1;10005;28;;;10000.0;547.0
1;50300;STARFRUIT;5053;23;;;;;5058;4;5060;23;;;5055.5;257.2216796875
1;50300;AMETHYSTS;9995;23;;;;;10005;23;;;;;10000.0;547.0
1;50400;AMETHYSTS;9996;2;9995;21;;;10004;2;10005;21;;;10000.0;547.0
1;50400;STARFRUIT;5054;2;5053;23;;;5055;3;5060;23;;;5054.5;257.44970703125
1;50500;STARFRUIT;5055;4;5053;1;5052;27;5059;1;5060;27;;;5057.0;260.9931640625
1;50500;AMETHYSTS;10000;4;9998;7;9996;1;10004;1;10005;27;;;10002.0;547.0
1;50600;STARFRUIT;5053;2;5052;22;;;5055;4;5059;24;;;5054.0;260.599609375
1;50600;AMETHYSTS;9998;7;9996;2;9995;22;10000;5;10004;2;10005;22;9999.0;547.0
1;50700;STARFRUIT;5052;20;;;;;5059;20;;;;;5055.5;262.7265625
1;50700;AMETHYSTS;9998;9;9995;20;;;10005;20;;;;;10001.5;547.0
1;50800;AMETHYSTS;9998;7;9996;2;9995;26;10004;2;10005;26;;;10001.0;547.0
1;50800;STARFRUIT;5053;2;5052;26;;;5059;2;5060;26;;;5056.0;264.841796875
1;50900;STARFRUIT;5053;29;;;;;5056;5;5060;30;;;5054.5;265.744140625
1;50900;AMETHYSTS;9998;2;9995;30;;;10000;5;10005;30;;;9999.0;547.0
1;51000;STARFRUIT;5053;25;;;;;5060;25;;;;;5056.5;266.546875
1;51000;AMETHYSTS;9996;2;9995;23;;;10004;2;10005;23;;;10000.0;547.0
1;51100;STARFRUIT;5054;3;5053;29;;;5060;29;;;;;5057.0;268.34375
1;51100;AMETHYSTS;9995;29;;;;;10002;1;10005;29;;;9998.5;547.0
1;51200;AMETHYSTS;9995;30;;;;;10005;30;;;;;10000.0;547.0
1;51200;STARFRUIT;5053;30;;;;;5060;30;;;;;5056.5;268.875
1;51300;STARFRUIT;5054;2;5053;23;;;5060;25;;;;;5057.0;270.314453125
1;51300;AMETHYSTS;9996;2;9995;23;;;9998;5;10002;5;10004;2;9997.0;547.0
1;51400;STARFRUIT;5054;23;;;;;5059;5;5060;1;5061;22;5056.5;271.650390625
1;51400;AMETHYSTS;9996;1;9995;22;;;10004;1;10005;22;;;10000.0;557.0
1;51500;STARFRUIT;5054;21;;;;;5061;21;;;;;5057.5;280.4140625
1;51500;AMETHYSTS;9995;21;;;;;10005;21;;;;;10000.0;557.0
1;51600;AMETHYSTS;9996;2;9995;21;;;10002;5;10004;2;10005;21;9999.0;557.0
1;51600;STARFRUIT;5058;4;5054;23;;;5059;1;5060;2;5061;21;5058.5;282.6298828125
1;51700;STARFRUIT;5054;32;;;;;5061;32;;;;;5057.5;285.271484375
1;51700;AMETHYSTS;9996;2;9995;30;;;10004;2;10005;30;;;10000.0;557.0
1;51800;STARFRUIT;5053;25;;;;;5060;25;;;;;5056.5;287.9453125
1;51800;AMETHYSTS;9995;25;;;;;10005;25;;;;;10000.0;557.0
1;51900;AMETHYSTS;9996;2;9995;26;;;10004;2;10005;26;;;10000.0;557.0
1;51900;STARFRUIT;5054;2;5053;26;;;5060;2;5061;26;;;5057.0;286.82421875
1;52000;AMETHYSTS;9998;2;9995;21;;;10000;5;10005;21;;;9999.0;557.0
1;52000;STARFRUIT;5055;5;5054;21;;;5057;5;5061;21;;;5056.0;286.38671875
1;52100;STARFRUIT;5053;28;;;;;5060;28;;;;;5056.5;291.095703125
1;52100;AMETHYSTS;9996;1;9995;27;;;10004;1;10005;27;;;10000.0;557.0
1;52200;AMETHYSTS;9995;23;;;;;10005;23;;;;;10000.0;557.0
1;52200;STARFRUIT;5053;23;;;;;5054;1;5060;23;;;5053.5;289.71875
1;52300;AMETHYSTS;9995;30;;;;;10005;30;;;;;10000.0;557.0
1;52300;STARFRUIT;5052;30;;;;;5059;30;;;;;5055.5;296.57421875
1;52400;AMETHYSTS;10002;3;9996;1;9995;20;10004;1;10005;20;;;10003.0;557.0
1;52400;STARFRUIT;5053;2;5052;20;;;5056;4;5059;1;5060;20;5054.5;294.990234375
1;52500;STARFRUIT;5052;27;;;;;5059;27;;;;;5055.5;297.84375
1;52500;AMETHYSTS;9996;2;9995;25;;;10004;2;10005;25;;;10000.0;563.0
1;52600;AMETHYSTS;9996;1;9995;30;;;10004;1;10005;30;;;10000.0;563.0
1;52600;STARFRUIT;5052;3;5051;30;;;5053;2;5058;31;;;5052.5;300.673828125
1;52700;AMETHYSTS;9996;1;9995;24;;;10002;9;10004;1;10005;24;9999.0;575.0
1;52700;STARFRUIT;5057;1;5051;25;;;5058;25;;;;;5057.5;305.296875
1;52800;AMETHYSTS;9996;2;9995;26;;;10004;2;10005;26;;;10000.0;575.0
1;52800;STARFRUIT;5057;1;5051;28;;;5058;28;;;;;5057.5;307.849609375
1;52900;STARFRUIT;5051;1;5050;26;;;5057;1;5058;26;;;5054.0;288.65625
1;52900;AMETHYSTS;9996;1;9995;26;;;10002;3;10004;1;10005;26;9999.0;575.0
1;53000;AMETHYSTS;9996;1;9995;29;;;10004;1;10005;29;;;10000.0;575.0
1;53000;STARFRUIT;5051;30;;;;;5058;30;;;;;5054.5;296.109375
1;53100;AMETHYSTS;9996;2;9995;21;;;9998;5;10004;2;10005;21;9997.0;575.0
1;53100;STARFRUIT;5051;23;;;;;5058;23;;;;;5054.5;296.078125
1;53200;AMETHYSTS;9995;23;;;;;10005;23;;;;;10000.0;585.0
1;53200;STARFRUIT;5056;1;5051;23;;;5058;23;;;;;5057.0;291.0
1;53300;STARFRUIT;5051;20;;;;;5058;20;;;;;5054.5;299.9296875
1;53300;AMETHYSTS;9995;20;;;;;10005;20;;;;;10000.0;585.0
1;53400;AMETHYSTS;9996;2;9995;30;;;9998;1;10004;2;10005;30;9997.0;585.0
1;53400;STARFRUIT;5051;9;5050;30;;;5057;32;;;;;5054.0;289.375
1;53500;AMETHYSTS;9995;25;;;;;10002;7;10005;25;;;9998.5;587.0
1;53500;STARFRUIT;5051;25;;;;;5056;2;5058;25;;;5053.5;299.6015625
1;53600;AMETHYSTS;9998;2;9996;1;9995;22;10004;1;10005;22;;;10001.0;587.0
1;53600;STARFRUIT;5051;1;5050;22;;;5057;1;5058;22;;;5054.0;291.4375
1;53700;STARFRUIT;5051;1;5050;23;;;5057;23;;;;;5054.0;276.7109375
1;53700;AMETHYSTS;9995;23;;;;;10005;23;;;;;10000.0;587.0
1;53800;AMETHYSTS;9998;8;9995;29;;;10005;29;;;;;10001.5;587.0
1;53800;STARFRUIT;5049;29;;;;;5056;29;;;;;5052.5;269.46875
1;53900;AMETHYSTS;9996;1;9995;25;;;10000;4;10002;8;10004;1;9998.0;587.0
1;53900;STARFRUIT;5049;26;;;;;5052;4;5056;26;;;5050.5;260.3515625
1;54000;AMETHYSTS;9996;1;9995;21;;;10002;1;10004;1;10005;21;9999.0;587.0
1;54000;STARFRUIT;5050;8;5049;21;;;5056;22;;;;;5053.0;269.6953125
1;54100;STARFRUIT;5050;4;5049;22;;;5056;22;;;;;5053.0;264.0625
1;54100;AMETHYSTS;9996;1;9995;21;;;10004;1;10005;21;;;10000.0;587.0
1;54200;STARFRUIT;5049;21;;;;;5050;1;5056;21;;;5049.5;271.4453125
1;54200;AMETHYSTS;9996;1;9995;20;;;10004;1;10005;20;;;10000.0;589.0
1;54300;AMETHYSTS;10002;1;9996;2;9995;26;10004;2;10005;26;;;10003.0;589.0
1;54300;STARFRUIT;5050;2;5049;26;;;5056;2;5057;26;;;5053.0;277.96875
1;54400;STARFRUIT;5050;22;;;;;5057;22;;;;;5053.5;259.60546875
1;54400;AMETHYSTS;9995;22;;;;;10005;22;;;;;10000.0;591.0
1;54500;STARFRUIT;5049;29;;;;;5056;29;;;;;5052.5;253.09765625
1;54500;AMETHYSTS;9996;2;9995;27;;;10002;2;10004;2;10005;27;9999.0;591.0
1;54600;STARFRUIT;5049;1;5048;29;;;5055;30;;;;;5052.0;251.201171875
1;54600;AMETHYSTS;10002;2;9996;1;9995;29;10004;1;10005;29;;;10003.0;591.0
1;54700;AMETHYSTS;9996;1;9995;22;;;10004;1;10005;22;;;10000.0;595.0
1;54700;STARFRUIT;5049;23;;;;;5056;23;;;;;5052.5;249.892578125
1;54800;STARFRUIT;5049;9;5048;23;;;5055;2;5056;23;;;5052.0;251.1796875
1;54800;AMETHYSTS;9996;2;9995;23;;;10004;2;10005;23;;;10000.0;602.0
1;54900;STARFRUIT;5049;2;5048;22;;;5053;1;5055;24;;;5051.0;252.265625
1;54900;AMETHYSTS;9996;2;9995;22;;;10004;2;10005;22;;;10000.0;602.0
1;55000;STARFRUIT;5048;22;;;;;5053;7;5055;22;;;5050.5;260.765625
1;55000;AMETHYSTS;9996;2;9995;20;;;10004;2;10005;20;;;10000.0;602.0
1;55100;AMETHYSTS;9996;2;9995;24;;;10004;2;10005;24;;;10000.0;602.0
1;55100;STARFRUIT;5048;2;5047;24;;;5054;26;;;;;5051.0;265.53125
1;55200;STARFRUIT;5046;25;;;;;5053;26;;;;;5049.5;285.125
1;55200;AMETHYSTS;9998;8;9996;1;9995;25;10004;1;10005;25;;;10001.0;602.0
1;55300;STARFRUIT;5046;22;;;;;5051;3;5053;22;;;5048.5;299.8515625
1;55300;AMETHYSTS;9995;22;;;;;10002;5;10005;22;;;9998.5;602.0
1;55400;STARFRUIT;5047;5;5046;28;;;5053;28;;;;;5050.0;292.234375
1;55400;AMETHYSTS;9998;7;9996;1;9995;27;10004;1;10005;27;;;10001.0;610.0
1;55500;AMETHYSTS;9996;2;9995;22;;;10004;2;10005;22;;;10000.0;616.0
1;55500;STARFRUIT;5046;24;;;;;5051;2;5053;24;;;5048.5;298.078125
1;55600;STARFRUIT;5046;23;;;;;5053;23;;;;;5049.5;290.921875
1;55600;AMETHYSTS;9995;23;;;;;10002;9;10005;23;;;9998.5;616.0
1;55700;STARFRUIT;5046;22;;;;;5053;22;;;;;5049.5;288.6484375
1;55700;AMETHYSTS;9996;1;9995;21;;;10002;7;10004;1;10005;21;9999.0;616.0
1;55800;STARFRUIT;5047;8;5046;26;;;5053;26;;;;;5050.0;292.71875
1;55800;AMETHYSTS;9996;1;9995;25;;;10004;1;10005;25;;;10000.0;616.0
1;55900;AMETHYSTS;9995;20;;;;;10005;20;;;;;10000.0;616.0
1;55900;STARFRUIT;5049;4;5046;20;;;5053;20;;;;;5051.0;297.96875
1;56000;STARFRUIT;5048;2;5045;25;;;5050;7;5052;25;;;5049.0;310.9921875
1;56000;AMETHYSTS;10000;2;9996;1;9995;24;10002;6;10004;1;10005;24;10001.0;616.0
1;56100;STARFRUIT;5046;1;5045;27;;;5052;28;;;;;5049.0;306.15625
1;56100;AMETHYSTS;9996;1;9995;27;;;9998;1;10002;3;10004;1;9997.0;616.0
1;56200;STARFRUIT;5045;1;5044;30;;;5047;4;5051;31;;;5046.0;324.8984375
1;56200;AMETHYSTS;9996;1;9995;30;;;10000;4;10004;1;10005;30;9998.0;618.0
1;56300;AMETHYSTS;9995;28;;;;;10005;28;;;;;10000.0;618.0
1;56300;STARFRUIT;5044;28;;;;;5051;28;;;;;5047.5;337.0390625
1;56400;STARFRUIT;5044;29;;;;;5051;29;;;;;5047.5;333.421875
1;56400;AMETHYSTS;9996;2;9995;27;;;10004;2;10005;27;;;10000.0;618.0
1;56500;STARFRUIT;5044;21;;;;;5052;21;;;;;5048.0;323.46875
1;56500;AMETHYSTS;9995;21;;;;;10002;9;10005;21;;;9998.5;618.0
1;56600;STARFRUIT;5045;2;5044;28;;;5049;3;5051;30;;;5047.0;326.015625
1;56600;AMETHYSTS;9996;2;9995;28;;;10002;2;10004;2;10005;28;9999.0;624.0
1;56700;AMETHYSTS;9998;5;9995;27;;;10005;27;;;;;10001.5;624.0
1;56700;STARFRUIT;5045;2;5044;27;;;5046;4;5052;27;;;5045.5;323.828125
1;56800;STARFRUIT;5045;8;5044;23;;;5051;23;;;;;5048.0;328.875
1;56800;AMETHYSTS;9995;23;;;;;10005;23;;;;;10000.0;624.0
1;56900;STARFRUIT;5045;21;;;;;5052;21;;;;;5048.5;317.3515625
1;56900;AMETHYSTS;9996;1;9995;20;;;10004;1;10005;20;;;10000.0;624.0
1;57000;STARFRUIT;5046;22;;;;;5053;22;;;;;5049.5;298.015625
1;57000;AMETHYSTS;9996;2;9995;20;;;10002;10;10004;2;10005;20;9999.0;624.0
1;57100;AMETHYSTS;9998;6;9995;24;;;10005;24;;;;;10001.5;624.0
1;57100;STARFRUIT;5051;1;5045;24;;;5052;24;;;;;5051.5;305.8046875
1;57200;STARFRUIT;5046;26;;;;;5053;26;;;;;5049.5;298.75
1;57200;AMETHYSTS;9998;5;9996;1;9995;25;10004;1;10005;25;;;10001.0;624.0
1;57300;STARFRUIT;5046;31;;;;;5051;1;5052;1;5053;30;5048.5;302.453125
1;57300;AMETHYSTS;9996;1;9995;30;;;10004;1;10005;30;;;10000.0;624.0
1;57400;STARFRUIT;5046;1;5045;27;;;5052;28;;;;;5049.0;307.859375
1;57400;AMETHYSTS;9996;1;9995;27;;;10004;1;10005;27;;;10000.0;624.0
1;57500;AMETHYSTS;9995;21;;;;;10005;21;;;;;10000.0;624.0
1;57500;STARFRUIT;5046;2;5045;21;;;5052;21;;;;;5049.0;310.234375
1;57600;STARFRUIT;5049;5;5046;22;;;5052;2;5053;20;;;5050.5;300.0859375
1;57600;AMETHYSTS;10000;4;9996;2;9995;20;10004;2;10005;20;;;10002.0;624.0
1;57700;STARFRUIT;5045;22;;;;;5052;22;;;;;5048.5;311.609375
1;57700;AMETHYSTS;9998;2;9996;1;9995;21;10004;1;10005;21;;;10001.0;624.0
1;57800;STARFRUIT;5045;7;5044;28;;;5051;28;;;;;5048.0;329.25
1;57800;AMETHYSTS;9996;2;9995;26;;;10002;4;10004;2;10005;26;9999.0;624.0
1;57900;AMETHYSTS;9996;2;9995;26;;;10004;2;10005;26;;;10000.0;624.0
1;57900;STARFRUIT;5045;28;;;;;5046;5;5052;28;;;5045.5;318.7265625
1;58000;STARFRUIT;5045;28;;;;;5052;28;;;;;5048.5;332.75
1;58000;AMETHYSTS;9995;28;;;;;10005;28;;;;;10000.0;624.0
1;58100;STARFRUIT;5045;20;;;;;5052;20;;;;;5048.5;326.0078125
1;58100;AMETHYSTS;9998;7;9995;20;;;10005;20;;;;;10001.5;624.0
1;58200;STARFRUIT;5045;29;;;;;5052;29;;;;;5048.5;327.71875
1;58200;AMETHYSTS;9996;2;9995;27;;;10004;2;10005;27;;;10000.0;624.0
1;58300;AMETHYSTS;9996;2;9995;28;;;10004;2;10005;28;;;10000.0;624.0
1;58300;STARFRUIT;5045;30;;;;;5052;30;;;;;5048.5;327.734375
1;58400;STARFRUIT;5045;25;;;;;5052;25;;;;;5048.5;332.046875
1;58400;AMETHYSTS;9995;25;;;;;10005;25;;;;;10000.0;624.0
1;58500;STARFRUIT;5045;22;;;;;5050;2;5051;2;5052;20;5047.5;331.3359375
1;58500;AMETHYSTS;9998;3;9996;2;9995;20;10004;2;10005;20;;;10001.0;624.0
1;58600;STARFRUIT;5045;23;;;;;5052;23;;;;;5048.5;328.4765625
1;58600;AMETHYSTS;9996;1;9995;22;;;10004;1;10005;22;;;10000.0;624.0
1;58700;STARFRUIT;5045;30;;;;;5048;4;5052;30;;;5046.5;324.96875
1;58700;AMETHYSTS;9996;1;9995;29;;;9998;1;10000;4;10004;1;9997.0;625.0
1;58800;STARFRUIT;5046;31;;;;;5051;5;5052;1;5053;30;5048.5;320.046875
1;58800;AMETHYSTS;9996;1;9995;30;;;10004;1;10005;30;;;10000.0;627.0
1;58900;STARFRUIT;5051;1;5045;25;;;5052;25;;;;;5051.5;326.75
1;58900;AMETHYSTS;9996;2;9995;23;;;10004;2;10005;23;;;10000.0;627.0
1;59000;AMETHYSTS;9996;1;9995;23;;;10004;1;10005;23;;;10000.0;627.0
1;59000;STARFRUIT;5045;24;;;;;5052;24;;;;;5048.5;331.3671875
1;59100;STARFRUIT;5045;21;;;;;5051;1;5052;20;;;5048.0;336.28125
1;59100;AMETHYSTS;9998;7;9996;1;9995;20;10004;1;10005;20;;;10001.0;627.0
1;59200;STARFRUIT;5049;10;5045;10;5044;23;5051;25;;;;;5050.0;339.046875
1;59200;AMETHYSTS;10002;1;9996;2;9995;23;10004;2;10005;23;;;10003.0;627.0
1;59300;STARFRUIT;5044;22;;;;;5051;22;;;;;5047.5;340.703125
1;59300;AMETHYSTS;9998;5;9995;22;;;10005;22;;;;;10001.5;629.0
1;59400;AMETHYSTS;10002;1;9995;23;;;10005;23;;;;;10003.5;629.0
1;59400;STARFRUIT;5045;23;;;;;5052;23;;;;;5048.5;336.0625
1;59500;STARFRUIT;5044;24;;;;;5051;24;;;;;5047.5;342.25
1;59500;AMETHYSTS;9996;2;9995;22;;;10004;2;10005;22;;;10000.0;643.0
1;59600;STARFRUIT;5045;1;5044;24;;;5051;25;;;;;5048.0;339.578125
1;59600;AMETHYSTS;10002;1;9996;1;9995;24;10004;1;10005;24;;;10003.0;643.0
1;59700;STARFRUIT;5050;1;5045;26;;;5052;26;;;;;5051.0;333.9375
1;59700;AMETHYSTS;9996;1;9995;25;;;10004;1;10005;25;;;10000.0;645.0
1;59800;AMETHYSTS;9998;9;9996;2;9995;22;10004;2;10005;22;;;10001.0;645.0
1;59800;STARFRUIT;5044;24;;;;;5051;24;;;;;5047.5;342.58203125
1;59900;STARFRUIT;5043;25;;;;;5048;4;5050;25;;;5045.5;354.2578125
1;59900;AMETHYSTS;9996;2;9995;23;;;10004;2;10005;23;;;10000.0;645.0
1;60000;STARFRUIT;5044;6;5043;25;;;5050;26;;;;;5047.0;355.7890625
1;60000;AMETHYSTS;9996;1;9995;25;;;9998;3;10002;10;10004;1;9997.0;645.0
1;60100;STARFRUIT;5044;1;5043;27;;;5050;28;;;;;5047.0;354.52734375
1;60100;AMETHYSTS;9996;1;9995;27;;;10004;1;10005;27;;;10000.0;651.0
1;60200;AMETHYSTS;9996;1;9995;25;;;10004;1;10005;25;;;10000.0;651.0
1;60200;STARFRUIT;5044;1;5043;25;;;5050;1;5051;25;;;5047.0;353.78515625
1;60300;STARFRUIT;5044;1;5043;23;;;5050;24;;;;;5047.0;355.26953125
1;60300;AMETHYSTS;9998;3;9996;1;9995;23;10004;1;10005;23;;;10001.0;651.0
1;60400;STARFRUIT;5043;24;;;;;5050;24;;;;;5046.5;357.61328125
1;60400;AMETHYSTS;9996;2;9995;22;;;9998;1;10004;2;10005;22;9997.0;651.0
1;60500;STARFRUIT;5043;25;;;;;5046;2;5050;25;;;5044.5;360.04296875
1;60500;AMETHYSTS;9995;25;;;;;10000;2;10005;25;;;9997.5;653.0
1;60600;AMETHYSTS;9996;1;9995;21;;;10004;1;10005;21;;;10000.0;653.0
1;60600;STARFRUIT;5043;21;;;;;5049;1;5050;21;;;5046.0;361.2734375
1;60700;STARFRUIT;5047;9;5042;24;;;5049;24;;;;;5048.0;363.609375
1;60700;AMETHYSTS;9998;10;9995;24;;;10005;24;;;;;10001.5;653.0
1;60800;AMETHYSTS;9996;2;9995;26;;;10004;2;10005;26;;;10000.0;653.0
1;60800;STARFRUIT;5048;1;5042;28;;;5049;28;;;;;5048.5;365.28515625
1;60900;AMETHYSTS;9998;10;9995;29;;;10005;29;;;;;10001.5;653.0
1;60900;STARFRUIT;5048;1;5042;29;;;5049;29;;;;;5048.5;368.390625
1;61000;AMETHYSTS;9996;1;9995;25;;;9998;1;10004;1;10005;25;9997.0;653.0
1;61000;STARFRUIT;5042;26;;;;;5049;26;;;;;5045.5;367.3984375
1;61100;STARFRUIT;5042;31;;;;;5049;31;;;;;5045.5;367.78125
1;61100;AMETHYSTS;9996;2;9995;29;;;10004;2;10005;29;;;10000.0;655.0
1;61200;AMETHYSTS;9998;1;9995;22;;;10005;22;;;;;10001.5;655.0
1;61200;STARFRUIT;5043;2;5042;22;;;5049;22;;;;;5046.0;370.3046875
1;61300;AMETHYSTS;9995;27;;;;;10005;27;;;;;10000.0;655.0
1;61300;STARFRUIT;5042;27;;;;;5049;27;;;;;5045.5;365.06640625
1;61400;AMETHYSTS;9995;28;;;;;10005;28;;;;;10000.0;655.0
1;61400;STARFRUIT;5042;28;;;;;5049;28;;;;;5045.5;365.2890625
1;61500;STARFRUIT;5048;1;5043;22;;;5050;22;;;;;5049.0;360.6875
1;61500;AMETHYSTS;9998;4;9995;22;;;10005;22;;;;;10001.5;655.0
1;61600;AMETHYSTS;9996;1;9995;27;;;10004;1;10005;27;;;10000.0;655.0
1;61600;STARFRUIT;5044;1;5043;27;;;5050;1;5051;27;;;5047.0;356.0
1;61700;AMETHYSTS;9996;2;9995;21;;;10004;2;10005;21;;;10000.0;655.0
1;61700;STARFRUIT;5044;23;;;;;5051;23;;;;;5047.5;351.984375
1;61800;AMETHYSTS;9996;2;9995;24;;;10004;2;10005;24;;;10000.0;655.0
1;61800;STARFRUIT;5044;25;;;;;5050;2;5051;24;;;5047.0;354.375
1;61900;STARFRUIT;5043;28;;;;;5050;28;;;;;5046.5;358.89453125
1;61900;AMETHYSTS;9995;28;;;;;10002;8;10005;28;;;9998.5;655.0
1;62000;AMETHYSTS;9995;24;;;;;10005;24;;;;;10000.0;655.0
1;62000;STARFRUIT;5043;24;;;;;5050;24;;;;;5046.5;374.35400390625
1;62100;AMETHYSTS;9996;2;9995;25;;;10002;3;10004;2;10005;25;9999.0;655.0
1;62100;STARFRUIT;5043;27;;;;;5050;27;;;;;5046.5;374.45263671875
1;62200;AMETHYSTS;9998;9;9996;2;9995;22;10004;2;10005;22;;;10001.0;655.0
1;62200;STARFRUIT;5044;2;5043;22;;;5048;1;5050;24;;;5046.0;374.205078125
1;62300;STARFRUIT;5043;21;;;;;5050;21;;;;;5046.5;374.3701171875
1;62300;AMETHYSTS;9995;21;;;;;10005;21;;;;;10000.0;655.0
1;62400;AMETHYSTS;9995;24;;;;;10005;24;;;;;10000.0;655.0
1;62400;STARFRUIT;5043;24;;;;;5050;24;;;;;5046.5;374.36669921875
1;62500;AMETHYSTS;9996;2;9995;25;;;10004;2;10005;25;;;10000.0;655.0
1;62500;STARFRUIT;5043;27;;;;;5049;2;5050;25;;;5046.0;374.81396484375
1;62600;AMETHYSTS;9998;6;9996;1;9995;21;10004;1;10005;21;;;10001.0;655.0
1;62600;STARFRUIT;5043;22;;;;;5050;22;;;;;5046.5;374.4619140625
1;62700;STARFRUIT;5043;25;;;;;5050;25;;;;;5046.5;374.6875
1;62700;AMETHYSTS;9998;3;9995;25;;;10005;25;;;;;10001.5;655.0
1;62800;AMETHYSTS;9995;22;;;;;10005;22;;;;;10000.0;655.0
1;62800;STARFRUIT;5043;22;;;;;5050;22;;;;;5046.5;374.66259765625
1;62900;AMETHYSTS;10002;11;9998;3;9996;2;10004;2;10005;20;;;10003.0;655.0
1;62900;STARFRUIT;5044;2;5043;20;;;5050;2;5051;20;;;5047.0;374.02490234375
1;63000;AMETHYSTS;9995;30;;;;;10005;30;;;;;10000.0;677.0
1;63000;STARFRUIT;5043;30;;;;;5050;30;;;;;5046.5;374.294921875
1;63100;STARFRUIT;5042;30;;;;;5049;30;;;;;5045.5;375.0498046875
1;63100;AMETHYSTS;9995;30;;;;;9998;1;10005;30;;;9996.5;677.0
1;63200;STARFRUIT;5042;25;;;;;5049;25;;;;;5045.5;375.5341796875
1;63200;AMETHYSTS;9996;1;9995;24;;;10004;1;10005;24;;;10000.0;679.0
1;63300;AMETHYSTS;10002;4;9995;30;;;10005;30;;;;;10003.5;679.0
1;63300;STARFRUIT;5047;1;5042;30;;;5049;30;;;;;5048.0;375.7578125
1;63400;STARFRUIT;5043;2;5042;22;;;5049;24;;;;;5046.0;376.287109375
1;63400;AMETHYSTS;9996;2;9995;22;;;10004;2;10005;22;;;10000.0;687.0
1;63500;STARFRUIT;5043;3;5042;28;;;5049;28;;;;;5046.0;377.0361328125
1;63500;AMETHYSTS;9995;28;;;;;10005;28;;;;;10000.0;687.0
1;63600;STARFRUIT;5048;1;5042;22;;;5049;22;;;;;5048.5;376.84765625
1;63600;AMETHYSTS;9995;22;;;;;10005;22;;;;;10000.0;687.0
1;63700;AMETHYSTS;9995;21;;;;;10000;5;10002;7;10005;21;9997.5;687.0
1;63700;STARFRUIT;5042;21;;;;;5045;5;5047;7;5049;21;5043.5;374.828125
1;63800;STARFRUIT;5043;1;5042;27;;;5049;28;;;;;5046.0;375.2890625
1;63800;AMETHYSTS;9996;1;9995;27;;;9998;1;10004;1;10005;27;9997.0;687.0
1;63900;STARFRUIT;5042;22;;;;;5045;2;5049;22;;;5043.5;374.78125
1;63900;AMETHYSTS;9995;22;;;;;10000;2;10005;22;;;9997.5;689.0
1;64000;STARFRUIT;5043;2;5042;30;;;5049;30;;;;;5046.0;368.859375
1;64000;AMETHYSTS;9995;30;;;;;9998;11;10002;10;10005;30;9996.5;689.0
1;64100;AMETHYSTS;9996;2;9995;26;;;10002;4;10004;2;10005;26;9999.0;711.0
1;64100;STARFRUIT;5042;28;;;;;5047;4;5049;28;;;5044.5;369.0625
1;64200;STARFRUIT;5042;27;;;;;5049;27;;;;;5045.5;365.1875
1;64200;AMETHYSTS;9996;2;9995;25;;;10004;2;10005;25;;;10000.0;711.0
1;64300;STARFRUIT;5043;2;5042;22;;;5049;22;;;;;5046.0;373.546875
1;64300;AMETHYSTS;9998;4;9996;2;9995;20;10004;2;10005;20;;;10001.0;711.0
1;64400;STARFRUIT;5043;4;5042;29;;;5049;29;;;;;5046.0;374.46875
1;64400;AMETHYSTS;9996;2;9995;27;;;10004;2;10005;27;;;10000.0;711.0
1;64500;AMETHYSTS;9996;2;9995;20;;;10004;2;10005;20;;;10000.0;711.0
1;64500;STARFRUIT;5043;9;5042;20;;;5049;22;;;;;5046.0;376.9375
1;64600;STARFRUIT;5042;29;;;;;5049;29;;;;;5045.5;368.5
1;64600;AMETHYSTS;9996;2;9995;27;;;10004;2;10005;27;;;10000.0;711.0
1;64700;STARFRUIT;5042;29;;;;;5049;29;;;;;5045.5;367.4296875
1;64700;AMETHYSTS;10002;1;9996;1;9995;28;10004;1;10005;28;;;10003.0;711.0
1;64800;STARFRUIT;5042;20;;;;;5049;21;;;;;5045.5;363.8515625
1;64800;AMETHYSTS;9996;1;9995;20;;;10004;1;10005;20;;;10000.0;713.0
1;64900;AMETHYSTS;9996;2;9995;30;;;9998;4;10002;10;10004;2;9997.0;713.0
1;64900;STARFRUIT;5042;32;;;;;5049;32;;;;;5045.5;370.875
1;65000;STARFRUIT;5047;1;5042;27;;;5049;27;;;;;5048.0;365.96875
1;65000;AMETHYSTS;9996;1;9995;26;;;10002;5;10004;1;10005;26;9999.0;717.0
1;65100;STARFRUIT;5042;26;;;;;5049;26;;;;;5045.5;366.0
1;65100;AMETHYSTS;9998;10;9996;1;9995;25;10004;1;10005;25;;;10001.0;717.0
1;65200;STARFRUIT;5043;2;5042;29;;;5048;1;5049;28;;;5045.5;365.140625
1;65200;AMETHYSTS;9996;1;9995;28;;;10002;6;10004;1;10005;28;9999.0;717.0
1;65300;AMETHYSTS;9995;29;;;;;10002;9;10005;29;;;9998.5;717.0
1;65300;STARFRUIT;5042;29;;;;;5047;1;5049;29;;;5044.5;365.6484375
1;65400;STARFRUIT;5042;21;;;;;5044;2;5049;21;;;5043.0;374.09375
1;65400;AMETHYSTS;9998;10;9995;21;;;10005;21;;;;;10001.5;717.0
1;65500;STARFRUIT;5042;20;;;;;5049;20;;;;;5045.5;373.1640625
1;65500;AMETHYSTS;9995;20;;;;;10005;20;;;;;10000.0;717.0
1;65600;STARFRUIT;5043;6;5042;20;;;5049;20;;;;;5046.0;376.078125
1;65600;AMETHYSTS;9998;3;9995;20;;;10005;20;;;;;10001.5;717.0
1;65700;AMETHYSTS;9995;24;;;;;10005;24;;;;;10000.0;717.0
1;65700;STARFRUIT;5042;24;;;;;5043;1;5049;24;;;5042.5;375.8125
1;65800;STARFRUIT;5043;1;5042;30;;;5049;30;;;;;5046.0;377.59375
1;65800;AMETHYSTS;10002;4;9995;30;;;10005;30;;;;;10003.5;717.0
1;65900;STARFRUIT;5042;26;;;;;5049;26;;;;;5045.5;376.96875
1;65900;AMETHYSTS;9996;2;9995;24;;;10004;2;10005;24;;;10000.0;725.0
1;66000;STARFRUIT;5044;6;5043;25;;;5050;25;;;;;5047.0;391.078125
1;66000;AMETHYSTS;9996;1;9995;24;;;10004;1;10005;24;;;10000.0;725.0
1;66100;AMETHYSTS;9996;2;9995;23;;;10004;2;10005;23;;;10000.0;725.0
1;66100;STARFRUIT;5048;1;5042;25;;;5049;25;;;;;5048.5;374.3828125
1;66200;STARFRUIT;5047;5;5043;1;5042;22;5049;1;5050;22;;;5048.0;383.734375
1;66200;AMETHYSTS;10002;1;9996;1;9995;22;10004;1;10005;22;;;10003.0;727.0
1;66300;STARFRUIT;5046;3;5043;20;;;5050;20;;;;;5048.0;397.625
1;66300;AMETHYSTS;10000;3;9995;20;;;10002;5;10005;20;;;10001.0;729.0
1;66400;STARFRUIT;5044;2;5043;24;;;5050;26;;;;;5047.0;408.79296875
1;66400;AMETHYSTS;9996;2;9995;24;;;10004;2;10005;24;;;10000.0;729.0
1;66500;AMETHYSTS;9996;1;9995;30;;;10004;1;10005;30;;;10000.0;729.0
1;66500;STARFRUIT;5048;1;5043;31;;;5050;31;;;;;5049.0;405.0546875
1;66600;STARFRUIT;5043;31;;;;;5050;31;;;;;5046.5;405.3359375
1;66600;AMETHYSTS;10002;3;9998;1;9996;2;10004;2;10005;29;;;10003.0;729.0
1;66700;STARFRUIT;5045;5;5044;26;;;5050;1;5051;25;;;5047.5;412.53125
1;66700;AMETHYSTS;9996;1;9995;25;;;10004;1;10005;25;;;10000.0;735.0
1;66800;STARFRUIT;5044;26;;;;;5051;26;;;;;5047.5;416.58203125
1;66800;AMETHYSTS;9996;1;9995;25;;;10004;1;10005;25;;;10000.0;735.0
1;66900;AMETHYSTS;9995;20;;;;;10005;20;;;;;10000.0;735.0
1;66900;STARFRUIT;5045;3;5044;20;;;5051;20;;;;;5048.0;414.2890625
1;67000;STARFRUIT;5044;24;;;;;5051;24;;;;;5047.5;414.65234375
1;67000;AMETHYSTS;9998;1;9996;2;9995;22;10004;2;10005;22;;;10001.0;735.0
1;67100;STARFRUIT;5044;26;;;;;5051;26;;;;;5047.5;414.48046875
1;67100;AMETHYSTS;9996;1;9995;25;;;10004;1;10005;25;;;10000.0;735.0
1;67200;STARFRUIT;5044;23;;;;;5049;6;5051;23;;;5046.5;412.453125
1;67200;AMETHYSTS;9995;23;;;;;10005;23;;;;;10000.0;735.0
1;67300;AMETHYSTS;9996;1;9995;21;;;10004;1;10005;21;;;10000.0;735.0
1;67300;STARFRUIT;5045;1;5044;22;;;5050;1;5051;21;;;5047.5;412.4296875
1;67400;STARFRUIT;5044;9;5043;28;;;5050;29;;;;;5047.0;408.8515625
1;67400;AMETHYSTS;9996;1;9995;28;;;10004;1;10005;28;;;10000.0;735.0
1;67500;STARFRUIT;5043;22;;;;;5050;22;;;;;5046.5;409.53125
1;67500;AMETHYSTS;9995;22;;;;;10005;22;;;;;10000.0;735.0
1;67600;AMETHYSTS;9996;1;9995;25;;;10004;1;10005;25;;;10000.0;735.0
1;67600;STARFRUIT;5044;26;;;;;5051;26;;;;;5047.5;415.04296875
1;67700;STARFRUIT;5045;23;;;;;5048;3;5051;2;5052;21;5046.5;421.42578125
1;67700;AMETHYSTS;9996;2;9995;21;;;10000;3;10004;2;10005;21;9998.0;735.0
1;67800;STARFRUIT;5046;6;5045;32;;;5051;2;5052;30;;;5048.5;421.80078125
1;67800;AMETHYSTS;9996;2;9995;30;;;10004;2;10005;30;;;10000.0;735.0
1;67900;STARFRUIT;5044;26;;;;;5051;26;;;;;5047.5;418.46484375
1;67900;AMETHYSTS;9995;26;;;;;10005;26;;;;;10000.0;735.0
1;68000;AMETHYSTS;9995;25;;;;;10002;5;10005;25;;;9998.5;735.0
1;68000;STARFRUIT;5049;1;5044;25;;;5051;25;;;;;5050.0;412.91015625
1;68100;STARFRUIT;5044;7;5043;27;;;5050;27;;;;;5047.0;410.703125
1;68100;AMETHYSTS;9996;1;9995;26;;;10002;8;10004;1;10005;26;9999.0;735.0
1;68200;STARFRUIT;5043;24;;;;;5050;24;;;;;5046.5;409.33203125
1;68200;AMETHYSTS;9996;1;9995;23;;;9998;1;10004;1;10005;23;9997.0;735.0
1;68300;STARFRUIT;5043;26;;;;;5050;26;;;;;5046.5;410.96875
1;68300;AMETHYSTS;9996;1;9995;25;;;10002;4;10004;1;10005;25;9999.0;737.0
1;68400;AMETHYSTS;10002;1;9996;1;9995;30;10004;1;10005;30;;;10003.0;737.0
1;68400;STARFRUIT;5044;1;5043;30;;;5050;1;5051;30;;;5047.0;412.8984375
1;68500;STARFRUIT;5043;23;;;;;5048;5;5050;23;;;5045.5;410.2109375
1;68500;AMETHYSTS;9996;1;9995;22;;;10004;1;10005;22;;;10000.0;739.0
1;68600;STARFRUIT;5043;27;;;;;5050;27;;;;;5046.5;407.140625
1;68600;AMETHYSTS;9995;27;;;;;9998;1;10005;27;;;9996.5;740.0
1;68700;STARFRUIT;5044;2;5043;20;;;5050;22;;;;;5047.0;411.5703125
1;68700;AMETHYSTS;9998;10;9996;2;9995;20;10004;2;10005;20;;;10001.0;742.0
1;68800;AMETHYSTS;9996;1;9995;30;;;10000;6;10002;1;10004;1;9998.0;742.0
1;68800;STARFRUIT;5044;1;5043;30;;;5046;6;5050;31;;;5045.0;412.30078125
1;68900;STARFRUIT;5044;25;;;;;5051;25;;;;;5047.5;418.68359375
1;68900;AMETHYSTS;9998;3;9996;2;9995;23;10004;2;10005;23;;;10001.0;742.0
1;69000;STARFRUIT;5045;1;5044;27;;;5051;28;;;;;5048.0;420.37890625
1;69000;AMETHYSTS;9996;1;9995;27;;;10004;1;10005;27;;;10000.0;742.0
1;69100;STARFRUIT;5045;1;5044;26;;;5051;26;;;;;5048.0;418.82421875
1;69100;AMETHYSTS;9996;1;9995;25;;;10004;1;10005;25;;;10000.0;742.0
1;69200;AMETHYSTS;9996;1;9995;20;;;10002;8;10004;1;10005;20;9999.0;742.0
1;69200;STARFRUIT;5045;1;5044;20;;;5051;21;;;;;5048.0;421.7265625
1;69300;STARFRUIT;5045;24;;;;;5052;24;;;;;5048.5;425.91015625
1;69300;AMETHYSTS;9996;1;9995;23;;;10004;1;10005;23;;;10000.0;742.0
1;69400;STARFRUIT;5046;4;5045;22;;;5052;22;;;;;5049.0;426.421875
1;69400;AMETHYSTS;9995;22;;;;;10005;22;;;;;10000.0;742.0
1;69500;STARFRUIT;5046;2;5045;31;;;5052;31;;;;;5049.0;425.546875
1;69500;AMETHYSTS;9996;1;9995;30;;;10002;8;10004;1;10005;30;9999.0;742.0
1;69600;AMETHYSTS;9996;2;9995;25;;;10004;2;10005;25;;;10000.0;742.0
1;69600;STARFRUIT;5045;2;5044;25;;;5051;27;;;;;5048.0;420.48046875
1;69700;STARFRUIT;5045;2;5044;24;;;5051;26;;;;;5048.0;420.94921875
1;69700;AMETHYSTS;10002;1;9996;2;9995;24;10004;2;10005;24;;;10003.0;742.0
1;69800;AMETHYSTS;9996;1;9995;22;;;10004;1;10005;22;;;10000.0;744.0
1;69800;STARFRUIT;5044;22;;;;;5051;23;;;;;5047.5;421.2578125
1;69900;AMETHYSTS;10002;1;9998;10;9996;2;10004;2;10005;24;;;10003.0;744.0
1;69900;STARFRUIT;5044;26;;;;;5051;26;;;;;5047.5;419.5546875
1;70000;AMETHYSTS;9996;2;9995;28;;;10004;2;10005;28;;;10000.0;746.0
1;70000;STARFRUIT;5044;2;5043;28;;;5050;2;5051;28;;;5047.0;413.03125
1;70100;STARFRUIT;5043;26;;;;;5050;27;;;;;5046.5;407.796875
1;70100;AMETHYSTS;10002;1;9995;27;;;10005;27;;;;;10003.5;746.0
1;70200;AMETHYSTS;9996;2;9995;28;;;10004;2;10005;28;;;10000.0;748.0
1;70200;STARFRUIT;5043;30;;;;;5050;30;;;;;5046.5;408.6015625
1;70300;AMETHYSTS;9998;10;9996;1;9995;24;10004;1;10005;24;;;10001.0;748.0
1;70300;STARFRUIT;5043;5;5042;24;;;5049;25;;;;;5046.0;402.98828125
1;70400;AMETHYSTS;10002;13;9996;2;9995;29;10004;2;10005;29;;;10003.0;749.0
1;70400;STARFRUIT;5043;2;5042;29;;;5049;31;;;;;5046.0;405.41015625
1;70500;STARFRUIT;5042;21;;;;;5044;3;5049;21;;;5043.0;402.96875
1;70500;AMETHYSTS;10002;1;9995;21;;;10005;21;;;;;10003.5;775.0
1;70600;AMETHYSTS;10002;1;10000;3;9996;1;10004;1;10005;22;;;10003.0;777.0
1;70600;STARFRUIT;5045;2;5043;1;5042;22;5049;23;;;;;5047.0;409.76171875
1;70700;AMETHYSTS;9995;27;;;;;10005;27;;;;;10000.0;779.0
1;70700;STARFRUIT;5043;27;;;;;5050;27;;;;;5046.5;416.55078125
1;70800;AMETHYSTS;9996;2;9995;20;;;9998;5;10002;8;10004;2;9997.0;779.0
1;70800;STARFRUIT;5043;22;;;;;5049;2;5050;20;;;5046.0;414.6171875
1;70900;STARFRUIT;5042;21;;;;;5043;1;5049;21;;;5042.5;413.39453125
1;70900;AMETHYSTS;9995;21;;;;;10005;21;;;;;10000.0;789.0
1;71000;AMETHYSTS;9996;2;9995;28;;;9998;3;10004;2;10005;28;9997.0;789.0
1;71000;STARFRUIT;5043;30;;;;;5048;1;5049;2;5050;28;5045.5;418.3125
1;71100;AMETHYSTS;9998;4;9995;30;;;10005;30;;;;;10001.5;795.0
1;71100;STARFRUIT;5043;6;5042;30;;;5050;30;;;;;5046.5;417.1015625
1;71200;AMETHYSTS;9996;1;9995;27;;;9998;1;10004;1;10005;27;9997.0;795.0
1;71200;STARFRUIT;5043;28;;;;;5050;28;;;;;5046.5;423.9609375
1;71300;STARFRUIT;5044;2;5043;28;;;5048;8;5050;30;;;5046.0;427.2265625
1;71300;AMETHYSTS;9996;2;9995;28;;;10004;2;10005;28;;;10000.0;797.0
1;71400;AMETHYSTS;10002;2;9996;2;9995;25;10004;2;10005;25;;;10003.0;797.0
1;71400;STARFRUIT;5044;27;;;;;5049;6;5051;27;;;5046.5;431.6640625
1;71500;AMETHYSTS;9995;26;;;;;10005;26;;;;;10000.0;801.0
1;71500;STARFRUIT;5043;26;;;;;5049;5;5051;26;;;5046.0;427.97265625
1;71600;AMETHYSTS;9998;7;9996;2;9995;29;10004;2;10005;29;;;10001.0;801.0
1;71600;STARFRUIT;5044;2;5043;29;;;5050;31;;;;;5047.0;426.28515625
1;71700;STARFRUIT;5043;26;;;;;5050;26;;;;;5046.5;420.0390625
1;71700;AMETHYSTS;9996;1;9995;25;;;9998;1;10004;1;10005;25;9997.0;801.0
1;71800;AMETHYSTS;9995;22;;;;;9998;1;10005;22;;;9996.5;803.0
1;71800;STARFRUIT;5043;22;;;;;5050;22;;;;;5046.5;420.5546875
1;71900;AMETHYSTS;9996;2;9995;28;;;10004;2;10005;28;;;10000.0;805.0
1;71900;STARFRUIT;5043;30;;;;;5050;30;;;;;5046.5;424.56640625
1;72000;STARFRUIT;5044;1;5043;23;;;5050;24;;;;;5047.0;426.46875
1;72000;AMETHYSTS;9998;2;9996;1;9995;23;10004;1;10005;23;;;10001.0;805.0
1;72100;STARFRUIT;5043;26;;;;;5050;26;;;;;5046.5;423.90625
1;72100;AMETHYSTS;9996;2;9995;24;;;9998;1;10004;2;10005;24;9997.0;805.0
1;72200;STARFRUIT;5044;25;;;;;5051;25;;;;;5047.5;429.1875
1;72200;AMETHYSTS;9995;25;;;;;9998;1;10005;25;;;9996.5;807.0
1;72300;AMETHYSTS;9996;1;9995;22;;;10004;1;10005;22;;;10000.0;809.0
1;72300;STARFRUIT;5043;23;;;;;5048;3;5050;23;;;5045.5;422.54296875
1;72400;STARFRUIT;5043;25;;;;;5050;25;;;;;5046.5;421.19921875
1;72400;AMETHYSTS;9995;25;;;;;10005;25;;;;;10000.0;809.0
1;72500;STARFRUIT;5046;4;5044;2;5043;20;5050;22;;;;;5048.0;426.32421875
1;72500;AMETHYSTS;10000;4;9996;2;9995;20;10004;2;10005;20;;;10002.0;809.0
1;72600;STARFRUIT;5043;28;;;;;5051;28;;;;;5047.0;428.1953125
1;72600;AMETHYSTS;9998;8;9995;28;;;10005;28;;;;;10001.5;809.0
1;72700;AMETHYSTS;9995;28;;;;;10005;28;;;;;10000.0;809.0
1;72700;STARFRUIT;5043;28;;;;;5050;28;;;;;5046.5;425.96484375
1;72800;STARFRUIT;5044;29;;;;;5045;8;5051;29;;;5044.5;432.8984375
1;72800;AMETHYSTS;9996;2;9995;27;;;10004;2;10005;27;;;10000.0;809.0
1;72900;STARFRUIT;5045;2;5044;23;;;5051;23;;;;;5048.0;452.8046875
1;72900;AMETHYSTS;9996;1;9995;22;;;10002;4;10004;1;10005;22;9999.0;809.0
1;73000;STARFRUIT;5044;21;;;;;5049;8;5051;21;;;5046.5;454.8828125
1;73000;AMETHYSTS;9995;21;;;;;10005;21;;;;;10000.0;809.0
1;73100;AMETHYSTS;9996;1;9995;27;;;10002;7;10004;1;10005;27;9999.0;809.0
1;73100;STARFRUIT;5045;28;;;;;5050;3;5051;1;5052;27;5047.5;465.828125
1;73200;STARFRUIT;5045;24;;;;;5052;24;;;;;5048.5;469.6328125
1;73200;AMETHYSTS;9996;1;9995;23;;;10002;7;10004;1;10005;23;9999.0;809.0
1;73300;STARFRUIT;5045;25;;;;;5052;25;;;;;5048.5;473.3359375
1;73300;AMETHYSTS;9996;2;9995;23;;;10004;2;10005;23;;;10000.0;809.0
1;73400;STARFRUIT;5045;30;;;;;5052;30;;;;;5048.5;473.109375
1;73400;AMETHYSTS;9995;30;;;;;10002;6;10005;30;;;9998.5;809.0
1;73500;AMETHYSTS;9998;6;9996;1;9995;24;10004;1;10005;24;;;10001.0;809.0
1;73500;STARFRUIT;5045;25;;;;;5052;25;;;;;5048.5;470.71875
1;73600;STARFRUIT;5045;30;;;;;5052;30;;;;;5048.5;473.5078125
1;73600;AMETHYSTS;9995;30;;;;;9998;1;10005;30;;;9996.5;809.0
1;73700;STARFRUIT;5045;25;;;;;5052;25;;;;;5048.5;473.7421875
1;73700;AMETHYSTS;10002;4;9995;25;;;10005;25;;;;;10003.5;811.0
1;73800;STARFRUIT;5045;22;;;;;5052;22;;;;;5048.5;473.359375
1;73800;AMETHYSTS;9998;1;9996;1;9995;21;10004;1;10005;21;;;10001.0;819.0
1;73900;AMETHYSTS;9995;27;;;;;10005;27;;;;;10000.0;819.0
1;73900;STARFRUIT;5045;27;;;;;5052;27;;;;;5048.5;463.84375
1;74000;STARFRUIT;5047;6;5045;7;5044;29;5051;29;;;;;5049.0;462.53125
1;74000;AMETHYSTS;10000;5;9996;2;9995;27;10004;2;10005;27;;;10002.0;819.0
1;74100;STARFRUIT;5048;3;5044;24;;;5051;24;;;;;5049.5;457.25
1;74100;AMETHYSTS;9998;5;9996;1;9995;23;10004;1;10005;23;;;10001.0;819.0
1;74200;STARFRUIT;5044;31;;;;;5049;7;5051;31;;;5046.5;458.859375
1;74200;AMETHYSTS;9996;1;9995;30;;;10002;1;10004;1;10005;30;9999.0;819.0
1;74300;AMETHYSTS;9998;6;9996;1;9995;26;10004;1;10005;26;;;10001.0;819.0
1;74300;STARFRUIT;5044;27;;;;;5049;3;5051;27;;;5046.5;458.703125
1;74400;STARFRUIT;5044;23;;;;;5051;23;;;;;5047.5;457.1328125
1;74400;AMETHYSTS;9996;2;9995;21;;;10004;2;10005;21;;;10000.0;819.0
1;74500;STARFRUIT;5049;1;5048;3;5044;26;5050;2;5051;24;;;5049.5;452.703125
1;74500;AMETHYSTS;9996;2;9995;24;;;10004;2;10005;24;;;10000.0;819.0
1;74600;STARFRUIT;5045;1;5044;29;;;5051;29;;;;;5048.0;460.359375
1;74600;AMETHYSTS;9996;2;9995;27;;;9998;2;10004;2;10005;27;9997.0;819.0
1;74700;AMETHYSTS;9996;1;9995;26;;;10004;1;10005;26;;;10000.0;823.0
1;74700;STARFRUIT;5044;27;;;;;5051;27;;;;;5047.5;464.0234375
1;74800;STARFRUIT;5045;1;5044;26;;;5050;2;5051;24;;;5047.5;453.484375
1;74800;AMETHYSTS;9996;2;9995;24;;;10004;2;10005;24;;;10000.0;823.0
1;74900;STARFRUIT;5044;28;;;;;5051;28;;;;;5047.5;462.7734375
1;74900;AMETHYSTS;9996;1;9995;27;;;10004;1;10005;27;;;10000.0;823.0
1;75000;STARFRUIT;5044;22;;;;;5051;22;;;;;5047.5;462.65625
1;75000;AMETHYSTS;9996;1;9995;21;;;9998;4;10004;1;10005;21;9997.0;823.0
1;75100;AMETHYSTS;9996;2;9995;26;;;10002;8;10004;2;10005;26;9999.0;832.0
1;75100;STARFRUIT;5045;28;;;;;5052;28;;;;;5048.5;472.09375
1;75200;STARFRUIT;5046;7;5045;31;;;5051;1;5052;30;;;5048.5;469.296875
1;75200;AMETHYSTS;9996;1;9995;30;;;10004;1;10005;30;;;10000.0;832.0
1;75300;STARFRUIT;5044;27;;;;;5051;27;;;;;5047.5;463.1953125
1;75300;AMETHYSTS;9998;7;9996;1;9995;26;10004;1;10005;26;;;10001.0;832.0
1;75400;STARFRUIT;5044;25;;;;;5051;25;;;;;5047.5;461.5234375
1;75400;AMETHYSTS;9995;25;;;;;10005;25;;;;;10000.0;832.0
1;75500;AMETHYSTS;9996;1;9995;22;;;10004;1;10005;22;;;10000.0;832.0
1;75500;STARFRUIT;5044;23;;;;;5051;23;;;;;5047.5;459.078125
1;75600;STARFRUIT;5044;2;5043;23;;;5050;2;5051;23;;;5047.0;451.703125
1;75600;AMETHYSTS;9996;2;9995;23;;;9998;9;10004;2;10005;23;9997.0;832.0
1;75700;STARFRUIT;5049;1;5043;27;;;5050;27;;;;;5049.5;448.1171875
1;75700;AMETHYSTS;9996;2;9995;25;;;10004;2;10005;25;;;10000.0;850.0
1;75800;STARFRUIT;5049;1;5044;1;5043;28;5050;28;;;;;5049.5;449.09375
1;75800;AMETHYSTS;9996;2;9995;26;;;10002;3;10004;2;10005;26;9999.0;852.0
1;75900;AMETHYSTS;9996;2;9995;22;;;10004;2;10005;22;;;10000.0;852.0
